3578 5336
536 604 600 684 Qui
622 606 718 712 iliter
740 607 809 689 regi
831 603 929 672 dictis
951 604 1070 685 dicunt,
1093 605 1187 670 iliter
1210 605 1243 669 in
1268 602 1376 670 animi
1398 603 1526 669 habent.
1603 669 1609 678 ,

959 715 1008 781 Ill

537 824 572 890 Si
595 844 644 889 mc
665 831 698 888 tu
721 823 816 889 hodie
837 824 985 889 invitaris
1010 823 1181 907 nimquam
1208 823 1380 906 quicquam
1410 851 1465 884 ra-

818 957 1156 1025 COMMORIENTES

454 1071 495 1134 45
541 1098 641 1133 aa„
665 1067 779 1134 suillam
804 1068 836 1132 in
857 1076 988 1152 puteum
1011 1067 1191 1151 prdecipes.

859 1200 1116 1268 CONDALIVM

977 1311 992 1376 Ι

536 1423 617 1488 'lim
638 1419 827 1506 crepusculi
848 1420 937 1486 israe
961 1428 996 1485 ut
1017 1427 1139 1498 amant3
1162 1418 1330 1503 limpidas
1352 1419 1528 1486 accindite.

487 1616 535 1682 111
557 1614 689 1681 Scholia
711 1614 910 1680 Veronensia
931 1613 973 1681 ad
997 1614 1091 1698 Verg.
1113 1615 1193 1678 Aen.
1217 1612 1259 1694 11,
1276 1613 1337 1676 670
1353 1612 1394 1698 (p.
1407 1613 1458 1694 89,
1470 1613 1510 1676 28
1526 1613 1584 1702 K.)¹

387 1745 591 1809 numquam
626 1743 753 1790 omnes
784 1723 907 1788 hodie.
950 1725 996 1788 sic
1028 1724 1060 1788 in
1083 1722 1254 1820 ¹Bucolicis
1275 1715 1460 1803 ‘numquam
1484 1720 1580 1785 hodie

278 1815 286 1834 ’
386 1833 544 1919 effugies'.
588 1834 721 1899 Plautus
744 1832 778 1896 in
803 1830 934 1897 Colace:
956 1834 1054 1897 sime
1078 1851 1104 1898 e.
1128 1852 1157 1914 q.
1183 1852 1207 1898 s.

485 1939 822 2008 COMMORIENTES
870 1941 1042 2008 Terentius
1080 1940 1215 2026 Adelph.
1256 1943 1335 2025 prol.
1369 1942 1389 2004 c
1437 1939 1579 2024 Synipo·

385 2051 591 2117 thnesccntes
607 2049 738 2134 ,Diphili
761 2049 973 2116 comoediast:
1013 2069 1083 2115 eam
1109 2048 1421 2116 Commorientes
1444 2049 1578 2114 Plautus

384 2160 462 2227 fecit
495 2159 645 2224 fabulam.
688 2157 729 2222 In
761 2155 851 2222 Accii
883 2158 1021 2224 omnbus
1051 2159 1094 2223 od
1124 2159 1299 2242 Aproeenm
1331 2158 1450 2226 adlatis
1468 2158 1579 2239 fabola

384 2274 582 2334 memorator.
660 2267 844 2334 Priscianus
865 2268 881 2332 I
908 2288 938 2350 p.
959 2269 1028 2342 280,
1053 2270 1090 2332 15
1113 2268 1236 2350 antiqui
1258 2275 1365 2334 tamen
1389 2268 1521 2352 ancipes
1548 2274 1579 2331 et

386 2379 590 2463 praccipes
614 2385 646 2443 et
667 2377 790 2462 bicipes
819 2377 1026 2461 proferebant
1052 2379 1084 2442 in
1107 2378 1314 2458 nominativo,
1344 2384 1376 2441 et
1398 2377 1446 2441 sic
1468 2395 1578 2441 sccun-

385 2488 461 2554 dum
481 2488 666 2571 analogiam
682 2488 875 2570 sequebatur
890 2490 1056 2571 genetivus
1071 2489 1204 2570 anaipes
1221 2487 1382 2569 ancipitis,
1411 2493 1445 2551 ut
1466 2505 1576 2569 sospes

384 2598 526 2684 sospitis.
577 2597 709 2664 Plautus
734 2597 765 2663 in
790 2596 1094 2664 Comma-lentibus:
1118 2598 1232 2662 saliam
1254 2617 1280 2660 c.
1304 2617 1333 2678 q.
1357 2617 1380 2660 s.

485 2705 739 2773 CONDALIVM
769 2704 857 2771 Haec
885 2725 1002 2788 qnoque
1026 2705 1138 2783 fabola
1160 2706 1194 2770 in
1220 2705 1310 2772 Accii
1341 2705 1479 2770 versibus
1511 2704 1578 2770 iau·

384 2815 487 2882 datur.
557 2816 696 2881 IVarro
720 2815 760 2880 de
784 2815 803 2878 l.
826 2816 845 2879 l.
869 2815 940 2894 Vll,
965 2815 1005 2878 77
1021 2813 1062 2878 Μ.
1086 2814 1173 2898 apud
1196 2814 1344 2880 Plautum
1369 2816 1401 2880 in
1431 2814 1578 2912 Parasite

385 2925 492 3008 pigro:
515 2924 591 2990 inde
613 2923 666 2989 hic
688 2944 714 2988 e.
730 2944 760 3006 q.
777 2943 801 2989 s.
825 2925 1104 3007 crepusculum
1127 2923 1246 2989 dictum
1267 2924 1307 2989 ab
1325 2923 1469 3004 Sabinis,
1492 2923 1577 3007 quod

383 3101 419 3152 42
444 3098 566 3168 proximi
593 3097 651 3152 cod.
679 3099 810 3168 proxumi
840 3097 965 3152 Botltins.
1040 3099 1073 3152 43
1102 3099 1194 3152 animo
1224 3098 1282 3153 cod.
1313 3099 1425 3152 animod
1453 3099 1578 3152 Botliins.

384 3195 476 3248 animo
499 3199 591 3249 autem
615 3193 781 3250 Ritsehelins
811 3195 922 3266 Parerp.
949 3211 976 3263 p.
1001 3198 1052 3249 101
1077 3194 1139 3248 adn.
1197 3198 1233 3248 44
1260 3195 1422 3249 invitaveris
1448 3195 1503 3249 cod.
1538 3196 1578 3248 in-

385 3291 483 3346 vitaris
516 3291 624 3359 scripsi,
653 3308 731 3360 qaarn
761 3292 873 3362 perfecti
898 3291 1014 3358 soronam
1043 3297 1212 3347 contractam
1241 3292 1367 3359 futurum
1396 3298 1499 3362 tenipus
1524 3293 1578 3362 sip·

384 3387 535 3455 nificantem
554 3404 573 3441 a
592 3387 691 3442 Planti
708 3403 826 3442 normae
843 3388 917 3442 haud
937 3403 1051 3455 prorsus
1072 3387 1191 3442 alienam
1211 3404 1266 3444 esse
1294 3389 1575 3444 sabbatianorum.

382 3484 460 3539 stad.
479 3485 500 3538 I
512 3500 539 3553 p.
560 3487 596 3538 77
614 3484 678 3537 adn.
698 3483 802 3538 dnobus
820 3485 940 3538 casibus
959 3483 1107 3539 Asirrarice
1126 3488 1178 3540 765
1206 3491 1230 3540 et
1257 3486 1373 3539 Poenuli
1390 3489 1443 3540 450
1463 3487 1578 3542 moletia

383 3581 504 3638 ostendit.
541 3597 574 3635 ne
601 3583 682 3636 talem
704 3581 849 3651 praeferas
877 3581 1108 3638 distributionem:
1137 3583 1238 3636 ...si
1259 3600 1301 3636 me
1321 3587 1352 3636 tu
1374 3583 1456 3636 hodie
1476 3583 1575 3636 invita·

384 3679 457 3733 veris
492 3678 816 3747 Niumquamquicquam.
838 3721 843 3730 .
864 3721 870 3732 .
890 3719 896 3732 .
915 3680 1011 3747 abdat,
1022 3679 1092 3750 qnod
1104 3679 1276 3748 pranimatici
1286 3680 1473 3742 sotentoersns
1491 3678 1577 3732 conti-

383 3779 474 3828 nentes
492 3774 645 3839 donadac,
662 3775 759 3830 deinde
777 3774 851 3844 qnod
869 3794 1022 3844 numquam
1040 3777 1073 3830 ab
1091 3776 1308 3832 antecedentibus
1325 3777 1412 3831 serbis
1431 3776 1512 3830 riimic
1536 3776 1576 3829 dt-

383 3869 528 3925 oederetar.
565 3870 733 3939 desertando
751 3889 902 3941 numquam
921 3871 1004 3926 hodie
1030 3872 1079 3937 cfr.
1106 3873 1217 3942 Berplcii
1244 3873 1380 3928 ‘Auslaut
1401 3872 1485 3926 Dim
1505 3872 1576 3926 alten

384 3964 492 4018 Latein'
509 3983 535 4034 p.
546 3971 582 4022 39
600 3967 665 4022 adn.
684 3968 708 4020 Ι.
755 3968 801 4022 Ad
811 3969 909 4024 Plauti
925 3969 1047 4033 fabulam
1066 3985 1102 4022 an
1121 3969 1157 4022 od
1169 3969 1269 4026 Naeuii
1278 3975 1398 4039 spectent
1410 3985 1478 4038 puae
1489 3968 1577 4022 Varro

381 4061 484 4134 asser
501 4061 533 4116 a
554 4041 605 4118 a'i.
633 4064 697 4126 vir,
717 4068 768 4119 105
786 4065 815 4118 in
833 4065 931 4119 corase
950 4083 1051 4120 nexum
1067 4083 1089 4120 e.
1101 4083 1127 4132 q.
1141 4084 1160 4120 s.
1181 4064 1330 4120 acimaas
1348 4065 1447 4134 nequir.
1476 4064 1577 4120 mame

383 4158 501 4212 Οοῑαεεη
521 4157 651 4212 Plantam
668 4161 817 4216 cmreaisae
836 4167 916 4230 atque
932 4177 985 4230 pro
1003 4177 1073 4216 noan
1085 4160 1189 4215 dedisse
1202 4161 1255 4214 sibi
1261 4141 1401 4231 persuasit
1413 4160 1577 4216 Riteclvelins

385 4255 495 4324 Parerp.
519 4272 549 4325 p.
569 4258 604 4309 99
624 4270 681 4325 sqq.
726 4255 776 4322 cfr.
805 4257 940 4312 Ribbecliii
968 4258 1006 4312 ad
1034 4258 1134 4314 Naeuii
1159 4257 1280 4324 fabulam
1309 4257 1509 4312 adnotationem
1535 4259 1575 4323 fra

382 4349 503 4420 com-212.
522 4356 562 4406 11.
600 4354 635 4406 45
654 4351 788 4407 Daiatzlro
807 4354 881 4407 Mai.
901 4353 985 4409 Rhea.
1007 4354 1121 4428 XXXI
1136 4355 1230 4424 (1876)
1246 4371 1276 4424 p.
1288 4353 1575 4410 375moritnriaaias-

383 4447 447 4502 dam
464 4449 544 4503 coba
563 4463 620 4503 csse
634 4447 776 4517 proponit.

482 4545 645 4600 Condalium
657 4543 707 4609 cfr.
718 4543 840 4598 samnis
848 4545 992 4613 Amphidis
1003 4547 1153 4602 Menandri
1162 4548 1286 4602 Timociis
1293 4541 1449 4605 anarrinon
1472 4549 1507 4600 46
1517 4553 1575 4600 tam

381 4640 458 4694 codd.
480 4647 529 4694 tua
552 4642 668 4696 tarnem
686 4646 736 4695 oet.
755 4642 813 4694 cod.
846 4641 903 4695 fers
921 4641 997 4696 codd.
1010 4642 1085 4697 ferae
1106 4635 1380 4701 Buechelerusfcram
1394 4643 1510 4698 Rutilius
1544 4648 1576 4696 ut
