3578 5338
694 407 871 464 ..33-

285 580 390 649 Stichi
413 580 519 664 qualis
541 581 632 646 nobis
664 581 786 648 tradita
819 587 869 648 est
902 583 936 648 in
968 582 1134 650 codicibus
1164 584 1247 650 inter
1271 605 1381 652 omnes

185 698 311 759 constat
341 692 475 758 formam
506 691 680 774 genuinam
713 691 918 758 retractando
942 713 1015 758 csse
1038 691 1256 777 depravatam.
1290 697 1382 760 cuins

184 802 355 884 διασκευῆς
377 808 465 866 certa
484 800 622 883 vestigia
642 801 757 866 relicta
779 807 851 866 sunt
881 799 914 867 in
937 801 1084 868 versibus
1106 803 1241 887 48-57,
1263 802 1382 868 deinde

158 969 162 979 .
185 912 217 976 in
240 929 450 994 personarum
472 910 655 976 nominibus
677 911 823 977 turbatis.
862 911 927 977 alia
956 918 1084 998 praeter
1109 911 1190 978 haec
1211 913 1273 978 viri
1294 911 1381 978 docti

185 1023 294 1086 conati
317 1022 391 1086 sn'nt
412 1020 564 1104 detegere
587 1039 645 1104 per
667 1027 790 1086 ceteras
817 1019 947 1086 fabulae
968 1028 1085 1105 partes.
1108 1029 1204 1104 atque
1229 1028 1315 1088 recte
1337 1023 1382 1088 in-

184 1131 372 1214 tellegentes
394 1132 661 1214 compositionem
683 1129 812 1194 fabulae
834 1131 874 1194 iis
889 1130 1092 1213 potissimum
1114 1131 1205 1196 vitiis
1224 1131 1381 1210 laborare,

185 1239 272 1322 qnod
302 1241 464 1315 mulieres,
499 1259 582 1322 quae
604 1241 636 1305 in
655 1241 763 1323 prima
784 1238 914 1304 fabulae
947 1246 1038 1322 parte
1072 1242 1192 1324 primas
1226 1261 1382 1325 personas

184 1357 304 1429 tenent,
338 1350 371 1414 in
393 1348 510 1413 ceteris
532 1347 679 1430 partibus
701 1366 835 1431 prorsus
857 1347 1023 1429 neglectae
1045 1354 1127 1422 sunt,
1157 1348 1273 1415 deinde
1296 1350 1383 1433 qnod

184 1479 348 1526 servorum
370 1477 421 1523 res
437 1458 471 1522 in
492 1455 556 1522 fine
571 1456 701 1522 fabulae
717 1457 900 1540 descriptae
916 1477 987 1522 cum
1009 1457 1271 1525 antecedentibus
1295 1458 1382 1524 haud

185 1571 265 1636 satis
288 1576 363 1654 apte
384 1573 512 1650 coeunt,
544 1573 579 1632 ut
610 1587 722 1632 sanam
749 1568 957 1632 restituerent
977 1567 1240 1650 compositionem
1277 1569 1383 1634 conie-

185 1684 297 1744 cerunt
329 1677 453 1760 aliquot
485 1694 620 1742 scaenas
654 1675 857 1740 intercidisse
885 1693 1002 1758 easque
1024 1677 1157 1742 lacunas
1177 1677 1308 1760 explere
1331 1697 1381 1742 co·

184 1787 253 1852 nati
275 1793 350 1854 sunt
371 1787 411 1851 iis
433 1805 516 1868 quae
538 1784 772 1852 desiderantur.
812 1785 853 1850 de
882 1786 998 1868 quihus
1021 1802 1104 1868 qnae
1127 1787 1247 1869 singuli
1269 1785 1382 1870 dispu-

185 1895 375 1976 taveruntll,
408 1914 449 1960 ne
472 1896 578 1959 omnia
602 1892 773 1977 excutiam,
795 1895 875 1959 satis
903 1892 1006 1960 habeo
1030 1893 1156 1960 Goctaii
1189 1895 1380 1961 sententiam

185 2005 314 2087 referre,
337 2007 392 2088 qui
415 2006 531 2070 ceteris
553 2003 738 2069 adcuratius
762 2004 802 2070 de
824 2002 885 2068 hac
907 2023 941 2068 re
963 2005 1037 2087 egit.
1072 2005 1203 2070 isante
1216 2024 1381 2070 servornm

185 2115 367 2180 convivium
400 2133 555 2180 scaenam
589 2112 750 2195 quandam
773 2115 924 2198 proponit
945 2115 1094 2179 iniectam
1118 2115 1227 2190 inisse,
1261 2114 1381 2196 inqua

184 2226 335 2290 mulieres
367 2221 408 2290 ob
440 2223 537 2290 fidem
571 2223 695 2289 maritis
728 2230 887 2288 servatam
921 2223 1048 2288 debitas
1080 2223 1194 2290 laudes
1228 2223 1380 2308 ceperint.

185 2339 354 2418 praeterea
375 2333 470 2398 huius
493 2351 631 2398 scaenae
653 2343 816 2415 personas
829 2331 947 2397 conicit
969 2351 1079 2396 cenam
1095 2345 1238 2416 parasse,
1261 2331 1302 2398 de
1317 2351 1381 2414 qua

184 2443 254 2509 sola
275 2442 308 2508 in
330 2442 438 2508 media
460 2441 587 2507 fabulae
608 2448 698 2524 parte
722 2439 836 2524 agitur,
860 2441 970 2522 itaque
992 2441 1047 2523 qui
1071 2441 1274 2507 desideratur
1296 2447 1378 2506 tran·
1453 2463 1456 2468 ·

183 2555 278 2618 sitnm
301 2552 343 2618 ad
375 2570 539 2616 serrorum
574 2550 755 2616 convivium
778 2548 906 2615 fecisse.
954 2556 1041 2616 recte
1068 2549 1154 2616 idem
1176 2551 1210 2616 in
1233 2551 1380 2617 versibus

183 2662 350 2726 las-454
371 2660 594 2726 diasceuastae
617 2679 744 2724 manum
761 2660 919 2742 agnoscit,
943 2660 996 2742 qui
1023 2677 1063 2724 ex
1084 2659 1142 2725 illa
1164 2665 1254 2744 parte
1267 2659 1380 2742 depcr-

183 2770 253 2836 dita
275 2771 307 2834 in
340 2769 424 2834 hanc
451 2787 600 2835 scaenam
635 2789 692 2835 eos
726 2769 968 2851 transposuerit.
1014 2767 1071 2833 sed
1105 2768 1180 2834 vide
1212 2789 1287 2834 num
1321 2769 1381 2834 hoc

183 2878 278 2944 modo
301 2878 431 2944 fabulae
454 2881 558 2944 forma
579 2880 775 2961 restituatur,
799 2879 917 2960 ¹qualis
939 2877 1046 2943 Plauti
1067 2879 1118 2943 vel
1140 2877 1307 2944 Menandri
1332 2879 1378 2944 in-

182 2990 277 3073 genio
297 2987 394 3053 hrerit
416 2987 525 3070 digna.
571 2988 751 3054 summani
774 2988 872 3053 fallor
884 2987 966 3052 vitia
981 2987 1078 3053 etiam
1094 3006 1177 3052 nuno
1199 2993 1379 3052 remanent:

183 3097 376 3164 offendimur
396 3097 429 3161 in
452 3115 500 3176 eo,
523 3094 609 3177 quod
631 3098 800 3162 mulierum
825 3097 995 3179 angustiae
1026 3097 1059 3160 in
1087 3095 1216 3162 fabulae
1245 3096 1380 3161 exordio

183 3214 248 3272 tam
272 3209 403 3290 copiose
424 3205 634 3288 graviterque
658 3204 874 3290 praedicatae,
907 3212 942 3271 ut
970 3207 1132 3289 putaverit
1154 3207 1291 3288 quisque
1312 3205 1381 3271 fore

183 3317 273 3382 utin
296 3317 337 3381 iis
360 3315 440 3399 ipsis
468 3313 657 3380 evolvendis
690 3333 848 3380 summum
882 3315 1011 3380 fabulae
1032 3321 1252 3399 argumentum
1275 3335 1380 3382 verse-

183 3433 243 3509 tur,
282 3425 389 3491 statim
424 3423 542 3490 cedunt
584 3425 704 3508 ineptis
737 3423 921 3490 maritorum
954 3424 1154 3509 parasitique
1191 3425 1378 3507 conloquiis,

184 3555 267 3617 quae
290 3533 331 3599 ad
349 3541 572 3617 argumentum
588 3533 694 3618 ipsum
710 3534 839 3598 omnino
855 3553 919 3598 non
934 3535 1105 3617 pertinent.
1127 3534 1254 3599 etiamsi
1269 3534 1378 3598 mulie·

183 3663 235 3708 res
258 3645 314 3709 illa
335 3650 426 3728 parte
446 3645 566 3709 iniecta
594 3644 628 3708 in
654 3661 804 3708 scaenam
833 3642 1038 3722 reducuntur,
1060 3649 1168 3707 tamen
1188 3642 1274 3708 haud
1287 3645 1378 3709 satis

182 3759 253 3818 arto
276 3753 458 3836 argumenti
481 3751 610 3818 vinculo
626 3751 729 3818 Stichi
745 3757 903 3836 personae
926 3751 1138 3833 continentur,
1169 3751 1226 3817 sed
1259 3757 1378 3818 utcum-

183 3881 246 3944 que
261 3863 394 3927 lacuuas
409 3867 542 3944 statues,
565 3881 691 3946 semper
707 3862 863 3927 distracta
879 3861 988 3926 tabula
1001 3867 1109 3926 manet
1123 3862 1155 3926 in
1177 3867 1243 3926 tres
1259 3867 1376 3945 partes,

183 3990 318 4055 quarum
340 3972 374 4036 in
396 3971 463 4036 alia
485 3971 579 4036 aliter
601 3991 652 4037 res
674 3973 789 4053 agitur,
822 3970 868 4035 ita
889 3977 923 4035 ut
944 3972 1048 4053 magis
1070 3968 1113 4035 ad
1135 3989 1289 4054 personas
1312 3972 1379 4036 sin-

284 4249 310 4318 1)
330 4248 507 4318 scripserunt
524 4248 558 4301 de
578 4247 673 4302 Sticho
691 4252 845 4303 retractata
858 4247 1025 4302 Ritscheliue
1038 4247 1126 4318 praef.
1146 4248 1182 4302 ad
1202 4247 1290 4302 Stichi
1310 4247 1375 4301 edit.

183 4364 210 4414 p.
222 4345 260 4400 IX
278 4364 339 4415 sqq.
377 4345 514 4415 Bergkius
537 4344 684 4400 ‘Zeitschrc
710 4345 729 4400 f.
755 4341 888 4399 Alterth.’
924 4346 992 4398 1850
1019 4363 1045 4414 p.
1065 4347 1117 4399 332
1141 4363 1200 4414 sqq.
1227 4343 1376 4398 Teuffelius

183 4442 263 4496 stud.
282 4462 307 4496 u.
330 4443 459 4497 Charakt.
478 4461 504 4512 p.
525 4443 576 4496 277
589 4460 628 4511 sq.
649 4441 824 4512 Ladewigius
843 4441 941 4495 Philol.
954 4441 1031 4496 XVII
1050 4460 1077 4510 p.
1097 4443 1149 4494 452
1161 4459 1225 4509 sqq.¹
1248 4439 1376 4494 Goetzius

186 4543 258 4594 Acta
277 4542 372 4595 societ.
405 4540 473 4609 phil.
503 4539 579 4608 Lips.
597 4537 634 4593 Vl
654 4559 681 4610 p
700 4541 754 4592 270
766 4557 825 4608 sqq.
845 4543 873 4592 et
891 4540 943 4592 302
956 4557 1013 4607 sqq.
1041 4537 1186 4606 prael.'ad
1205 4535 1291 4589 Stichi
1309 4537 1376 4590 edit.

182 4655 209 4706 p.
230 4640 270 4691 15.
