3578 5336
729 445 905 494 ..21-

221 602 320 676 berit'
347 612 433 678 Plao.
456 635 485 697 p.
511 615 561 692 12,
586 614 600 677 l
625 614 664 677 D.
708 612 879 679 aLoewio
902 613 1027 694 (Prodr.
1050 635 1080 698 p.
1104 615 1179 692 287)
1202 615 1314 681 Plauto
1343 617 1415 682 sub·

221 721 390 802 stitntos1).

320 833 455 899 Restant
476 833 625 916 denique,
649 853 689 900 ne
702 834 810 917 plures
833 833 918 900 lente
934 854 1126 912 enumerem,
1148 839 1275 918 praeter
1293 834 1417 918 aliquot

220 961 332 1006 versus
356 961 396 1006 ex
420 941 538 1008 Isidori
561 941 761 1026 Originibus,
786 963 903 1026 quosa
925 943 1027 1008 Pareo
1049 942 1224 1028 diligenter
1245 947 1415 1026 congestos

221 1071 330 1116 ornnes
351 1049 486 1116 Bothius
520 1051 673 1134 neglexit,
709 1051 773 1116 dno
807 1052 988 1136 fragmenta
1012 1046 1079 1117 ¹sub
1107 1051 1214 1118 Plauti
1247 1052 1416 1119 nominea

221 1160 392 1242 Fulgentio
418 1159 545 1234 tradita,
570 1179 653 1242 qnae
675 1162 820 1243 quamvis
845 1159 981 1225 dubiosa
1003 1162 1065 1228 sint
1088 1159 1255 1226 levissima
1276 1160 1414 1245 Fulgen-

221 1268 258 1333 tii
281 1268 344 1334 lide
365 1268 481 1341 innisa,
516 1276 622 1334 tamen
645 1269 770 1334 retinui.
812 1275 910 1351 atque
932 1272 1027 1335 etiam
1050 1289 1104 1336 eos
1127 1288 1249 1348 versus,
1271 1289 1352 1352 qnos
1374 1289 1414 1336 ex

221 1379 408 1444 recentioris
424 1378 497 1443 aevi
515 1380 714 1462 scriptorum,
737 1384 771 1442 ut
784 1377 921 1450 Erasmi,
944 1377 1088 1456 Pontani,
1111 1377 1247 1444 aliorum
1262 1378 1414 1460 operibus

220 1487 372 1571 repetitos
396 1488 428 1552 in
451 1489 557 1554 Plauti
580 1487 776 1552 editionibus
799 1487 916 1560 inueni,
953 1487 1121 1570 exseripsi.
1172 1505 1307 1569 qnorum
1332 1506 1414 1553 unns

220 1605 252 1664 et
274 1599 355 1663 alter
377 1598 453 1662 lieet
476 1597 609 1663 haustus
640 1617 658 1662 e
689 1597 827 1662 fontibus
859 1617 944 1662 nuno
971 1596 1094 1662 obrutis
1117 1617 1191 1662 vere
1212 1597 1254 1663 ad
1288 1597 1414 1662 fabulas

220 1706 407 1788 deperditas
431 1708 601 1790 pertineat,
623 1707 751 1792 plurimi
774 1708 853 1789 quin
868 1707 949 1772 falso
974 1709 1005 1772 in
1028 1708 1278 1790 fragmentorum
1301 1706 1414 1772 ordine

221 1815 318 1898 positi
339 1816 414 1896 sint,
436 1815 568 1880 minime
590 1822 639 1881 est
661 1815 803 1880 dubium.
1359 1831 1361 1834 ·

318 1924 545 1990 Vidulariaef
731 1925 845 2008 adieci,
869 1945 1062 2008 quamquam
1088 1925 1195 1990 aliena
1214 1923 1317 1990 videri
1342 1944 1413 2006 pos·

219 2042 294 2098 sunt
316 2033 357 2098 ab
380 2034 440 2098 bae
463 2034 614 2118 editione,
639 2037 669 2099 in
686 2055 750 2117 qua
767 2037 794 2100 si
813 2035 970 2100 rationem
983 2035 1179 2120 propositam
1197 2053 1308 2100 serere
1324 2053 1413 2099 exse-

220 2145 326 2225 queris
351 2152 473 2208 tanturn
497 2143 604 2208 Plauti
626 2142 783 2226 reliquiae
807 2152 883 2226 quot
912 2149 1038 2208 exstant
1068 2149 1196 2226 praeter
1221 2143 1302 2207 XXI
1323 2142 1413 2208 fabu-

175 2289 178 2296 ·
220 2253 267 2316 las
290 2252 506 2318 Varroniauas
539 2253 642 2318 locum
673 2273 831 2336 ooerrpare
854 2251 1001 2317 debeant.
1044 2271 1148 2334 neque
1171 2258 1277 2340 tamen
1299 2250 1413 2317 inutile

220 2367 297 2443 puto
309 2361 383 2426 buio
398 2363 506 2428 libello
530 2383 569 2427 ea
591 2363 742 2441 inserere,
767 2363 883 2444 quibus
907 2361 1104 2426 commodius
1127 2361 1174 2426 nti
1198 2363 1301 2444 possis
1317 2380 1411 2444 quam

219 2469 430 2536 Studemundi
462 2471 655 2536 editionibus
682 2470 764 2553 (Iud.
792 2472 866 2534 leot
892 2467 1130 2553 Grypbiswald.
1156 2470 1237 2536 1870
1270 2478 1302 2536 et
1323 2469 1412 2535 ‘Ver-

219 2577 327 2643 bandl.
345 2578 401 2644 der
423 2579 567 2644 XXXVI
583 2578 1008 2662 Philologenversammlung
1031 2599 1069 2644 zu
1092 2577 1281 2644 Karlsrnbe’
1309 2579 1412 2657 1883),

219 2706 302 2770 quae
323 2687 429 2754 adhue
462 2689 549 2754 solae
579 2696 714 2755 exstant.
760 2708 811 2754 me
842 2689 949 2773 ipsum
980 2686 1031 2752 bis
1064 2688 1206 2769 reliquiis
1240 2687 1308 2754 fere
1331 2686 1412 2752 nibil

219 2797 293 2862 novi
314 2796 462 2862 attulisse
485 2797 586 2864 libere
608 2799 721 2865 fateor.

321 2999 345 3064 l)
364 2999 420 3054 cfr.
440 2999 625 3054 Bueohelerus
644 3000 714 3054 Mus.
735 3000 822 3054 Rhen.
841 2998 944 3052 XXXV
962 3017 988 3068 p.
1001 3001 1062 3054 404.
1099 2998 1227 3052 Kettneri
1246 2997 1413 3052 sententiam

219 3096 248 3148 in
276 3096 382 3150 Placidi
411 3098 504 3166 glossa
528 3115 555 3165 p.
576 3099 618 3180 lli,
637 3098 653 3148 3
672 3097 704 3148 Ι).
730 3097 860 3150 ‘Romam
885 3116 918 3150 ex
938 3096 1068 3166 aquilone
1086 3095 1167 3150 Raeti
1189 3095 1341 3164 attingunt,
1369 3096 1413 3150 vel

220 3192 396 3246 conlimitant
414 3194 457 3246 vel
476 3192 578 3246 finibus
591 3211 620 3246 se
633 3193 690 3246 eius
704 3189 870 3262 adiungunt‘
892 3193 985 3247 Plauti
999 3193 1188 3262 fragmentum
1203 3194 1291 3246 inesse
1304 3193 1412 3261 opinati

218 3286 357 3340 refutavit
372 3286 499 3340 Loewius
518 3285 588 3340 Mus.
607 3286 694 3341 Rhen.
714 3281 804 3340 XXXI
822 3306 849 3357 p.
870 3289 911 3341 70.
