3578 5336
177 653 369 719 monendum
406 652 547 718 videtur:
580 651 1373 752 fflmQusQlaaemAEagcnemr-llysoo·

177 763 252 844 lum,
284 764 465 846 Agroeoum
496 762 624 826 fabulas
658 761 699 826 ob
733 780 803 826 eam
836 779 966 826 causam
989 779 1007 827 e
1029 761 1303 827 Varronianarum
1326 782 1374 827 or·

177 873 254 938 dinc
277 872 381 952 eiecit,
403 871 578 953 quianam
600 872 757 953 genuinae
779 877 887 935 essent
909 871 1073 934 titulorum
1089 869 1210 935 formae
1225 889 1373 954 magnam

177 987 342 1047 moverent
364 979 589 1064 suspicionem.
634 979 717 1045 hanc
738 980 823 1044 enim
846 997 990 1044 normam
1015 979 1048 1043 in
1069 979 1170 1045 titulis
1186 999 1374 1064 componen-

179 1089 230 1156 dis
263 1091 410 1155 Plautum
445 1096 587 1154 secutum
620 1109 703 1171 esse,
737 1095 772 1154 nt
805 1109 877 1156 cum
904 1109 921 1154 e
950 1107 1157 1172 personarum
1191 1088 1375 1154 nominibus

178 1200 289 1265 titulos
311 1199 450 1281 fecisset,
472 1218 606 1281 graecas
639 1198 760 1263 formas
793 1197 986 1275 admitteret,
1021 1217 1075 1262 eos
1105 1204 1221 1280 autem,
1253 1215 1375 1280 quoae

179 1307 363 1374 nominibus
378 1308 583 1391 appellativis
599 1307 789 1388 derivasset,
815 1327 943 1392 semper
963 1307 1081 1373 latinos
1103 1307 1263 1374 formaret.
1307 1307 1374 1372 Rit-

180 1415 321 1483 sobclins
343 1416 441 1499 igitur
462 1416 590 1482 fabulas
613 1417 687 1482 illas
709 1409 871 1499 ainbignis
894 1416 1040 1482 inserens
1072 1419 1287 1492 ratiocinatur,
1320 1435 1376 1481 eas

181 1525 374 1600 comoedias,
397 1525 430 1590 in
453 1526 579 1607 quibus,
602 1531 756 1608 quantum
778 1524 875 1591 hodie
890 1526 958 1591 erui
975 1532 1090 1609 potest,
1112 1525 1221 1591 insunt
1235 1547 1255 1590 a
1269 1525 1375 1591 Plauti

181 1635 413 1702 consuetudine
435 1635 552 1716 aliena,
575 1636 750 1700 Varronem
772 1655 900 1718 quoque
916 1633 1146 1720 suppositicias
1161 1635 1375 1701 iudicaturum

180 1745 290 1811 fuisse.
335 1763 419 1828 quae
442 1742 645 1809 ratiocinatio
680 1743 761 1809 duas
795 1744 877 1809 alias
899 1742 1026 1810 fabulas
1052 1764 1128 1810 num
1154 1752 1240 1810 recte
1270 1744 1376 1810 ordini

181 1854 381 1920 Varroniano
396 1851 580 1918 attribuerit
594 1852 799 1930 Ritschelins‚
816 1859 921 1918 movet
938 1853 1189 1948 dubitationem:
1211 1853 1377 1918 Lenonum

182 1963 384 2046 geminorum.
401 1961 532 2027 fabulae
552 1981 665 2027 versus
682 1953 789 2026 ‘dolet
809 1961 883 2027 huic
900 1961 1007 2046 puello
1029 1981 1101 2028 sese
1120 1982 1236 2028 venum
1252 1951 1378 2027 ducier‘

182 2093 246 2138 non
261 2072 410 2138 convenit
425 2089 496 2136 curn
508 2070 612 2135 Plauti
628 2089 784 2138 sermone.
816 2063 936 2136 ‘dolet'
951 2069 1038 2156 apud
1050 2069 1197 2136 Plautum
1221 2093 1283 2136 non
1306 2091 1377 2136 cum

183 2181 367 2247 accusativo
403 2201 475 2246 cum
506 2180 676 2262 infinitivo,
709 2179 766 2245 sed
793 2179 987 2263 ubicumque
1014 2180 1133 2262 legitur
1157 2201 1284 2265 semper
1307 2202 1377 2246 curn

184 2292 261 2372 quia
288 2297 345 2355 ant
366 2289 453 2372 quod
480 2291 681 2355 coniunctum
704 2289 792 2365 est1).
835 2289 972 2372 primum
995 2290 1177 2372 exemplum
1201 2290 1376 2355 accusativi

183 2421 255 2465 cum
279 2398 442 2464 infinitivo
465 2399 599 2483 praebet
621 2397 766 2464 Terentii
791 2395 923 2482 Adelph.
951 2417 980 2462 v.
1004 2394 1164 2463 275‘1100
1191 2398 1269 2463 milri
1292 2399 1380 2465 dolet
1482 2397 1487 2410 ⁴

184 2529 243 2574 nos
260 2521 363 2592 paene
384 2526 457 2573 sero
481 2509 579 2576 scisse
602 2513 633 2572 et
654 2525 757 2590 paene
777 2508 809 2571 in
832 2527 904 2572 curn
926 2507 1031 2572 locum
1053 2499 1199 2574 redisse'.
1247 2509 1379 2573 alterins

184 2617 325 2694 fabulae,
349 2617 618 2705 Trigeminorum,
648 2635 761 2682 versus
789 2635 808 2680 a
831 2617 935 2682 Gellio
958 2615 996 2680 N.
1019 2617 1056 2681 Α.
1081 2615 1134 2698 VI,
1157 2601 1229 2690 a't
1252 2617 1380 2682 adlatus

183 2725 262 2790 ‘nisi
291 2726 445 2808 fugissem
475 2726 615 2791 medium
643 2726 739 2792 oredo
769 2723 1030 2810 praem01·sisset’
1060 2725 1101 2791 ab
1134 2726 1282 2791 omnibus
1315 2726 1378 2791 edi·

184 2835 309 2901 toribus
324 2853 493 2919 perperam
510 2836 558 2901 sic
578 2836 718 2919 scriptus
738 2842 799 2900 est:
821 2828 902 2900 ‘nisi
917 2833 1082 2918 fugissem,
1107 2835 1257 2916 medium,
1276 2837 1380 2916 credo,

185 2935 452 3028 praemorsisset'.
491 2946 621 3010 minime
640 2935 810 3011 ‘medium'
842 2965 913 3010 cum
939 2936 1195 3029 ‘praemordere'
1231 2946 1381 3028 coniungi

185 3053 302 3135 licet2).
345 3073 459 3118 versas
491 3053 675 3119 necessario
709 3056 755 3119 sic
788 3053 1002 3120 restituendus
1036 3061 1099 3120 est:
1125 3048 1203 3119 ‘nisi
1226 3055 1380 3138 fugissem

185 3163 218 3226 in
241 3161 393 3237 medium,
423 3161 519 3228 credo
542 3154 803 3246 praemorsiaset'
827 3164 930 3229 idest
959 3162 1038 3229 ‘nisi
1061 3162 1216 3248 fugissem
1238 3185 1278 3230 ex
1301 3165 1381 3230 aede

187 3272 219 3334 in
244 3261 407 3349 medium’‚
431 3291 533 3354 aeque
555 3291 594 3337 ac
615 3271 705 3356 Oapt.
729 3273 799 3352 649,
824 3273 932 3338 Allan.
958 3275 1017 3338 168
1040 3273 1161 3339 dictum
1184 3282 1240 3340 est.
1285 3295 1380 3358 quam

187 3379 454 3462 significationem
477 3380 578 3446 medii
593 3382 726 3446 voculae
742 3383 882 3446 alienam
899 3381 1046 3447 aPlanto
1061 3383 1238 3448 recentiore
1255 3383 1381 3448 demum

186 3495 330 3573 ternpore
357 3489 391 3553 in
422 3509 512 3554 usum
536 3489 663 3556 venisse
687 3489 915 3556 demonstravit
938 3492 1110 3574 Langenus
1131 3485 1298 3574 ‘Beitrtlge
1326 3513 1382 3558 aur

188 3595 298 3660 Kritik
334 3596 397 3662 und
427 3597 610 3682 Erlrlfirung
644 3596 701 3664 des
723 3591 871 3664 Plautus'
897 3621 928 3684 p.
952 3601 1055 3678 222³).
1100 3607 1235 3684 apparet
1268 3601 1380 3666 eodem

188 3703 258 3768 iure
280 3724 344 3786 quo
357 3705 506 3772 Colacem
529 3713 718 3790 ceterasque
740 3709 836 3773 etiarn
859 3709 941 3773 lranc
969 3715 1134 3792 utramque
1148 3709 1304 3776 ¹,fatmlam
1327 3711 1381 3775 ab·

188 3915 387 3927 -——-—

294 4027 321 4096 1)
339 4026 372 4081 V.
392 4025 482 4080 Brixii
501 4028 595 4083 adnot.
620 4030 656 4084 ad
682 4029 757 4083 Trin.
784 4048 808 4082 v.
832 4031 885 4083 290
905 4029 982 4098 Capt.
1000 4047 1026 4083 v.
1048 4029 1107 4098 148,
1140 4029 1267 4085 conferas
1295 4031 1382 4086 etiam

189 4121 471 4178 LuebbertiGramm.
483 4123 561 4180 Stud.
579 4125 606 4178 Il
624 4144 651 4195 p.
664 4129 765 4194 102sq.
785 4155 817 4164 -—
836 4127 974 4181 diversam
992 4128 1157 4182 sententiam
1177 4128 1286 4196 profert
1299 4128 1382 4182 Drae·

188 4236 271 4289 garns
290 4218 394 4273 Histor.
413 4217 518 4288 Syntax
536 4220 562 4274 d.
582 4221 630 4273 lat.
650 4220 771 4289 Sprache
791 4218 835 4274 112
854 4239 881 4289 p.
900 4222 961 4275 392.

289 4316 317 4385 2)
336 4315 468 4370 conferas
487 4317 569 4370 modo
588 4317 646 4370 Mil.
665 4334 692 4369 v.
712 4321 764 4372 318
781 4316 857 4372 ‘Non
875 4322 906 4374 tu
938 4319 991 4372 tibi
1011 4319 1092 4374 istam
1116 4322 1308 4389 praetruncari
1332 4322 1383 4374 lin·

189 4431 272 4484 guam
291 4413 475 4483 largiloquam
494 4409 582 4467 iubes’
605 4418 634 4468 et
646 4414 757 4469 Trucul.
773 4434 798 4469 v.
816 4419 869 4469 614
887 4414 996 4486 ‘Tange
1012 4417 1108 4470 modo:
1127 4418 1183 4470 iarn
1201 4417 1247 4472 hic
1264 4435 1316 4486 ego
1336 4417 1383 4471 ted

190 4527 293 4579 agnum
314 4509 414 4564 faciam
434 4513 462 4563 et
480 4509 602 4564 medium
621 4511 823 4566 distruncabo’.

288 4607 316 4673 3)
337 4605 485 4675 Langenua
504 4605 685 4674 Captivorum
705 4626 814 4661 versum
833 4608 918 4662 ctiam
943 4607 978 4661 ol)
1007 4609 1076 4664 alias
1103 4627 1198 4663 causas
1225 4615 1383 4678 suspectum

190 4705 265 4756 necte
283 4705 314 4754 ut
331 4701 531 4770 interpolatum
550 4703 638 4756 eiecit.
