3578 5336
525 621 574 684 Ad
610 616 744 684 eundem
775 617 936 700 pertinent
956 637 1115 698 versuum,
1150 639 1229 701 quos
1252 619 1438 684 Priscianus
1471 620 1632 686 ePlauti·

425 731 545 794 fabulis
566 727 744 813 deperditis
767 727 882 803 adfert,
915 711 1054 811 plurimi.
1097 729 1205 794 versui
1229 728 1428 794 Friuolariae
1452 729 1467 792 l
1495 749 1525 811 p.
1550 731 1619 811 188,

425 841 466 902 26
486 838 583 922 Capri
607 857 720 903 nomen
744 837 926 920 adscripsit.
961 837 1058 920 Capri
1080 838 1163 903 libro
1187 838 1313 902 ctiaml
1335 857 1367 921 p.
1383 839 1454 914 280,
1481 838 1520 902 15
1543 857 1618 904 usus

425 959 487 1014 est:
512 945 651 1030 ‘antiqui
675 955 780 1011 tamen
803 947 935 1028 aneipes
958 953 990 1012 et
1013 948 1181 1031 praecipes
1215 953 1247 1014 61
1268 948 1389 1031 bicipes
1411 947 1619 1030 proferebant

425 1059 457 1121 in
481 1057 681 1122 nominativo
704 1063 736 1121 61
759 1057 806 1122 sic
830 1056 1005 1122 secundum
1028 1059 1209 1141 analogiam
1232 1058 1427 1140 sequebatur
1449 1057 1618 1140 genetivus

423 1168 556 1251 anoipes
580 1167 742 1250 ancipitis,
765 1171 799 1230 ut
821 1184 934 1248 sospes
950 1168 1088 1250 sospitis.
1121 1167 1253 1233 Plautus
1277 1167 1309 1231 in
1327 1166 1618 1231 Commorientibus

418 1274 562 1340 “Saliam
585 1276 618 1339 in
642 1281 770 1356 puteum
794 1265 997 1358 praecipes’'‚
1032 1275 1118 1339 idem
1140 1277 1171 1339 in
1195 1274 1342 1340 Rudente
1372 1268 1473 1359 “post
1505 1275 1613 1340 altrin-

423 1405 515 1450 secus
537 1391 585 1450 est
608 1385 785 1449 securicula
805 1385 935 1468 ancipes
958 1382 1069 1447 itidem
1094 1373 1214 1448 aurea'.
1255 1384 1445 1465 quibuscum
1469 1385 1616 1449 conferas

423 1493 564 1560 Charisii
587 1493 625 1574 (1,
646 1494 696 1572 15)
721 1513 750 1578 p.
767 1495 817 1569 88,
843 1495 878 1557 11
906 1485 1018 1574 ‘quam
1043 1493 1199 1557 rationem
1222 1501 1256 1557 ut
1271 1493 1469 1559 custodirent
1491 1500 1616 1559 veteres

423 1604 521 1668 multa
545 1601 623 1668 dure
647 1602 856 1684 protulerunt,
882 1609 915 1665 ut
936 1600 1068 1684 ancipes
1091 1621 1148 1684 pro
1172 1621 1291 1683 anceps
1314 1608 1346 1666 et
1369 1602 1537 1685 praecipes
1559 1621 1616 1684 pro

422 1704 589 1797 praeceps'
612 1720 644 1777 et
666 1711 705 1793 (Ι,
730 1712 781 1790 17)
816 1731 846 1794 p.
872 1712 941 1785 120,
976 1710 1015 1773 14
1047 1703 1196 1792 ‘ancipes
1230 1717 1354 1775 veteres
1388 1731 1459 1775 cum
1493 1710 1618 1776 ratione

421 1821 572 1887 dixerunt
605 1841 645 1886 ne
667 1821 833 1904 genetivus
862 1820 1016 1902 ancipitis
1039 1819 1164 1887 duabus
1190 1817 1354 1884 videretur
1376 1819 1508 1904 syllabis
1532 1840 1617 1885 cres·

300 1917 303 1928 ¹
421 1953 502 1998 cere.
571 1931 704 1995 Plautus
745 1930 778 1995 io
807 1928 954 1994 Rudente
988 1921 1090 2012 “post
1126 1929 1316 1994 altrinsecus
1356 1937 1404 1993 est
1436 1929 1617 1995 securicula

420 2040 574 2124 sonipes.
638 2039 734 2103 facile
771 2036 895 2102 videbis
938 2058 1035 2102 unum
1070 2039 1247 2115 doctorem,
1290 2056 1383 2120 quem
1428 2037 1614 2102 Priscianus

421 2149 608 2215 adcuratius
642 2168 738 2230 quam
766 2147 867 2212 lulius
890 2147 1052 2211 Romanus
1084 2155 1115 2213 et
1147 2154 1258 2212 auctor
1280 2146 1462 2213 Olrarisiani
1497 2146 1613 2229 capitis

421 2261 509 2340 1,15
541 2258 717 2340 exscripsit.
776 2276 868 2338 quem
903 2257 1065 2321 doctorem
1089 2255 1228 2339 Caprum
1259 2257 1357 2322 lbisse
1391 2257 1431 2321 iis
1459 2275 1541 2337 quae
1574 2255 1615 2320 de

421 2367 560 2434 Charisii
582 2368 606 2446 1,
643 2366 783 2439 15611,
816 2365 853 2429 17
876 2365 1017 2432 fontibus
1039 2364 1220 2445 disceptata
1254 2373 1327 2430 sunt
1348 2365 1509 2449 probatur.
1551 2363 1615 2430 Mc-

421 2477 485 2543 dici
520 2473 654 2560 parasiti
689 2494 799 2540 versus
833 2475 848 2538 I
881 2494 911 2557 p.
934 2475 1006 2556 489,
1050 2475 1088 2538 17
1112 2481 1217 2539 exstat
1251 2476 1283 2539 in
1317 2473 1399 2538 libro
1431 2495 1523 2551 1616,
1557 2475 1612 2540 ubi

420 2586 460 2653 de
492 2585 599 2652 verbis
630 2585 663 2649 in
690 2573 774 2649 ‘leo’
797 2581 1019 2649 desinentibus
1052 2584 1168 2664 agitur,
1206 2603 1288 2665 quae
1321 2603 1396 2666 pars
1428 2603 1469 2647 ex
1501 2582 1612 2649 eodem

420 2698 507 2762 fonte
530 2716 593 2778 quo
618 2693 783 2760 Diomedis
805 2715 836 2776 p.
859 2693 929 2770 373,
956 2693 1108 2774 17-374,
1131 2695 1150 2757 2
1176 2693 1322 2757 (16111616
1346 2699 1412 2767 est,
1444 2690 1548 2757 idest
1573 2711 1613 2757 ex

419 2805 523 2871 Probo
545 2824 603 2888 per
626 2803 774 2888 Capsum.
809 2803 914 2867 minus
937 2808 1023 2867 certo
1047 2802 1207 2867 enucleari
1225 2809 1332 2884 potest
1354 2800 1438 2867 unde
1464 2799 1527 2867 duo
1542 2821 1610 2866 ver·

419 2935 482 2995 sus,
517 2915 572 2998 qui
595 2914 677 2978 libro
701 2912 825 2976 decimo
849 2911 959 2976 inserti
984 2916 1066 2983 sunt,
1090 2909 1306 2976 Carbonariae
1330 2911 1344 2974 l
1368 2911 1492 2993 peto,
1521 2912 1556 2974 ll
1580 2917 1612 2975 et

420 3023 552 3108 Lipargi
578 3023 592 3087 l
615 3043 645 3106 p.
668 3023 738 3098 522,
766 3021 804 3085 14
826 3019 1008 3103 deprompti
1032 3021 1104 3084 sint.
1150 3020 1208 3088 sed
1232 3040 1303 3085 curn
1326 3019 1359 3083 in
1384 3020 1466 3084 libro
1487 3020 1611 3085 decimo

418 3153 520 3215 aeque
544 3140 639 3214 atque
662 3131 694 3194 in
718 3150 802 3194 nono
821 3131 952 3212 saepius
976 3130 1092 3195 ceteris
1116 3129 1325 3213 scriptoribus
1349 3130 1473 3194 Probus
1496 3149 1613 3194 memo·

419 3247 504 3307 retur
525 3250 555 3306 61
578 3246 746 3323 practerea
762 3239 862 3303 multa
877 3240 1024 3322 exempla
1047 3259 1117 3304 cum
1134 3240 1174 3304 iis
1191 3239 1400 3314 consentiant,
1424 3258 1507 3320 quae
1523 3237 1612 3321 apud

420 3350 605 3416 Diomedem
629 3347 804 3430 exstant¹)‚
829 3348 920 3430 quasi
937 3351 1020 3413 ultro
1043 3368 1078 3413 se
1101 3349 1194 3414 offert
1215 3351 1409 3422 coniectura,
1432 3348 1530 3412 etiam
1554 3346 1611 3412 hos

418 3480 537 3536 versus,
561 3459 614 3541 qui
640 3458 682 3522 ad
697 3458 778 3522 tales
794 3458 963 3522 verborum
979 3455 1098 3522 formas
1114 3458 1334 3523 inlustrandae
1353 3455 1510 3540 adscripti
1528 3464 1610 3535 sunt,

416 3570 528 3653 quales
551 3568 724 3633 Diomedes
753 3587 879 3650 quoque
912 3586 1103 3650 quamquam
1128 3569 1233 3634 minus
1269 3567 1453 3650 frequentes
1481 3566 1612 3631 exhibet

416 3679 460 3764 (p.
477 3679 547 3750 868,
570 3679 707 3756 21-25;
730 3677 800 3756 887,
818 3677 975 3756 5-1ot2),
997 3676 1038 3741 ad
1062 3677 1198 3743 Probum
1229 3676 1342 3742 redire.
1378 3683 1500 3741 restant
1521 3675 1611 3741 deni·

416 3807 479 3870 que
502 3787 565 3853 duo
589 3787 770 3870 fragmenta
793 3806 810 3850 e
835 3785 940 3850 Verrii
962 3786 1065 3868 copiis
1087 3785 1120 3851 in
1142 3785 1300 3851 Prisciani
1330 3805 1410 3870 opus
1440 3785 1608 3850 translata:

417 3916 528 3961 versus
547 3895 710 3961 Lenonnm
733 3895 1009 3978 geminorum-lp.
1022 3897 1093 3971 231,
1107 3897 1145 3958 21
1169 3902 1200 3959 et
1222 3895 1419 3960 Friuolariae
1444 3893 1610 3978 1112712

417 4004 582 4070 memorati
605 4005 637 4068 in
660 4004 756 4070 Festo
779 4005 927 4088 leguntur
948 4023 978 4086 p.
1002 4004 1073 4076 249,
1100 4005 1137 4068 19
1161 4004 1283 4077 61257,
1306 4006 1355 4068 31.
1390 4023 1522 4086 quorum
1545 4003 1608 4084 pri·

416 4133 503 4178 orem
525 4113 704 4178 eSuetonii
728 4113 768 4178 de
790 4113 991 4178 institutione
1015 4112 1192 4177 officiorum
1209 4111 1290 4177 libro
1313 4133 1348 4178 se
1363 4112 1508 4177 hausisse
1523 4111 1608 4176 Pris-

416 4223 527 4288 cianus
545 4221 615 4305 ipse
627 4219 793 4304 11116611).
817 4225 943 4288 cuinam
958 4224 1081 4288 auctori
1095 4221 1231 4288 alterum
1246 4222 1402 4300 debuerit,
1419 4223 1503 4287 latet.
1534 4241 1607 4285 nam

415 4387 534 4394 ——-...
549 4385 613 4392 -ιη-

517 4475 544 4544 l)
564 4473 744 4529 0161161161
764 4475 857 4530 Gram.
877 4476 925 4530 lat.
943 4477 955 4531 1
978 4476 1063 4546 praef.
1082 4493 1109 4545 p.
1124 4475 1183 4529 LII.

514 4571 616 4640 2)(111.
637 4570 780 4625 Κ6111661.
800 4590 824 4625 6.
844 4590 871 4641 p.
892 4571 963 4626 LIV.

514 4668 543 4737 3)
562 4667 594 4722 V.
614 4665 738 4724 Suetonii
757 4669 893 4739 reliquiae
912 4670 954 4724 ed.
976 4668 1220 4724 Reifferscheidius
1240 4687 1267 4739 p.
1288 4669 1348 4722 348.
