3578 5338
878 387 1100 453 «so-

412 561 504 644 gulas
519 595 521 600 ·
538 559 775 626 describendas
798 569 892 642 quam
924 557 976 624 ad
1006 561 1227 640 argumentum
1263 557 1347 622 iuste
1380 554 1623 638 explicandum

412 676 509 752 pocta
529 669 670 738 animum
693 669 859 734 induxisse
878 667 1034 734 videatur.
1069 665 1188 734 deinde
1204 664 1436 730 titulushabet
1458 686 1621 746 magnam

413 777 645 844 difficultatem.
678 775 835 844 ‘Stichus'
867 778 955 848 enim⁴
978 796 1049 840 cum
1072 775 1184 840 tabula
1209 775 1366 857 inscripta
1389 775 1440 853 sit,
1476 794 1624 859 exspec-

413 886 684 952 tamus·Stichum
708 906 833 952 servum
862 885 982 968 primas
1007 891 1158 950 'acturum
1194 889 1300 968 partes
1333 890 1389 950 ant
1419 885 1531 950 sallem
1565 882 1621 948 ad

414 1003 636 1078 argumentum
659 994 907 1062 convertendum
940 994 1005 1058 vim
1028 992 1221 1074 habiturum,
1247 991 1331 1056 sicut
1353 993 1387 1057 in
1409 993 1545 1075 reliquis
1562 993 1623 1056 ta-

414 1105 499 1170 bnlis
533 1105 691 1171 Plautinis
725 1103 845 1170 accidit
882 1103 975 1168 istius
996 1101 1124 1184 generis
1152 1102 1254 1166 titulis
1287 1101 1458 1184 inscriptis.
1505 1121 1622 1184 neque·

414 1223 520 1280 tamen
551 1213 685 1280 Stichus
712 1214 834 1298 primas
866 1217 975 1294 partes
998 1210 1067 1292 agit
1099 1229 1204 1292 neque
1237 1210 1324 1275 valet
1347 1210 1532 1293 ¹‹puidquam
1565 1209 1620 1276 ad

415 1323 532 1390 nodum
565 1323 805 1397 exsolvendum,
841 1322 962 1405 qnippe
985 1322 1039 1400 qui
1064 1321 1120 1385 vix
1142 1322 1312 1404 colligatus
1336 1323 1458 1386 statim
1477 1321 1621 1406 cupedi-¹

415 1442 466 1500 tus
495 1433 561 1498 fiat.
605 1439 716 1498 eontra
739 1433 772 1498 in
805 1432 887 1496 tales
913 1431 1045 1496 fabulae
1075 1437 1184 1514 partes
1217 1431 1366 1497 inductus
1396 1437 1446 1498 est
1467 1431 1615 1513 Stichus,

415 1563 496 1625 quas
518 1543 547 1608 si
569 1543 721 1609 eiciamus
743 1541 825 1606 nihil
848 1539 1060 1622 desideretur,
1082 1560 1145 1623 quo
1168 1547 1387 1622 argumentum
1408 1540 1538 1606 fabulae
1561 1541 1616 1606 in·

415 1653 596 1736 tellegatur.
627 1671 732 1732 neque
754 1668 828 1714 vero
849 1651 933 1715 ullus
956 1655 1051 1732 poeta
1074 1650 1190 1715 nedum
1205 1649 1338 1715 Plautus
1354 1656 1425 1716 ‘tam
1447 1651 1522 1716 vilis
1538 1670 1615 1733 per-

416 1777 516 1841 sonae
538 1776 652 1829 nomen
675 1765 779 1824 sumet
803 1779 860 1842 pro
883 1759 976 1824 titulo
1002 1758 1147 1836 tabulam
1171 1777 1211 1824 ne
1226 1758 1462 1824 diasceuastam
1478 1758 1616 1841 quidem

416 1872 445 1938 si
467 1870 610 1936 fabulam
637 1874 671 1934 ut
701 1887 758 1951 pro
783 1887 867 1932 nova
889 1867 1001 1932 ederet
1022 1887 1104 1932 novo
1128 1867 1220 1932 titulo
1243 1867 1417 1932 inscribere
1438 1867 1619 1945 'voluissem

417 1980 501 2046 hune
518 1979 647 2044 titulum
664 1976 804 2042 omnium
832 1976 963 2042 minime
984 1983 1093 2060 aptum
1107 1978 1291 2042 'electurum
1312 1976 1413 2042 fuisse
1435 1977 1615 2043 verisimile

417 2094 475 2172 est.
525 2085 585 2152 hac
611 2105 678 2152 una·
706 2106 741 2151 re
772 2085 921 2167 equidem
955 2085 1145 2168 intellegere
1172 2105 1300 2168 possum
1327 2088 1378 2152 isti
1398 2085 1526 2154 fabulae
1548 2087 1620 2152 Sti>

417 2194 512 2260 chum
535 2214 651 2260 nomen
672 2193 802 2276 factum,
838 2192 925 2275 quod
947 2193 1152 2260 diasceuasta
1174 2193 1315 2258 fabulam
1336 2195 1432 2260 nobis
1451 2203 1613 2261 servatam

420 2325 437 2369 e
463 2303 588 2370 duabus
610 2323 650 2369 ac
671 2303 810 2370 diversis
833 2302 954 2368 fabulis
985 2322 1176 2387 componens
1203 2322 1244 2368 ex
1265 2303 1377 2368 altera
1390 2322 1461 2368 cum
1484 2305 1614 2370 scaenis

421 2413 585 2479 nonnullis
608 2411 711 2478 Stichi
746 2413 872 2479 titulum
901 2411 1073 2478 transtulit.
1116 2411 1199 2478 adeo
1226 2412 1380 2478 violenter
1406 2420 1511 2482 vetere
1534 2421 1614 2478 tern-

420 2542 497 2606 pore
522 2523 649 2591 fabulas
672 2522 840 2590 Plautinas
874 2522 1079 2588 conturbatas
1103 2537 1184 2588 'esse
1211 2542 1390 2606 proponere
1421 2521 1612 2605 dubitarem,

419 2633 482 2698 uisi
507 2631 699 2698 accederent
720 2633 786 2698 alia
818 2640 1016 2714 argumenta,
1054 2651 1139 2713 quae
1174 2631 1268 2696 istam
1302 2631 1613 2698 sententiamadlir·

419 2748 518 2808 mant.
560 2741 642 2808 vitia
663 2740 778 2822 quibus
801 2739 929 2806 fabulae
953 2739 1140 2823 compositio
1163 2738 1298 2804 offendit
1319 2739 1424 2806 adhuc
1445 2740 1531 2806 baud
1546 2763 1611 2807 om-

419 2852 475 2916 nia
496 2871 517 2916 a
539 2850 618 2916 viris
641 2849 745 2914 doctis
768 2848 895 2914 detecta
916 2855 1004 2912 sunt:
1029 2869 1058 2911 v.
1086 2848 1144 2910 150
1165 2847 1281 2912 mulier
1304 2849 1407 2914 altera
1430 2848 1612 2915 Crocotium

419 2962 509 3026 iubet
532 2959 730 3026 Gelasimum
753 2959 928 3041 parasitum
951 2973 1124 3038 arcessere,
1161 2976 1256 3038 quem
1285 2958 1392 3024 mittat
1419 2960 1451 3022 in
1474 2966 1612 3042 portum,

419 3077 454 3136 ut
475 3070 516 3136 de
541 3068 646 3134 reditu
668 3069 851 3133 maritorum
865 3071 1008 3148 quaerat.
1043 3067 1099 3147 qui
1116 3065 1307 3148 Gelasimus,
1330 3079 1404 3132 cnut
1422 3074 1526 3134 antea
1541 3087 1610 3133 cum

418 3179 543 3244 maritis
566 3198 616 3244 res
641 3177 837 3260 perdidisset
860 3178 902 3254 (v.
921 3176 1005 3257 630),
1028 3175 1214 3242 mulieribus
1231 3178 1354 3242 invisus
1371 3197 1428 3262 per
1449 3183 1532 3244 totos
1547 3185 1618 3243 tres·

419 3308 522 3356 annos
542 3288 577 3352 in
592 3287 721 3352 domum
736 3305 844 3352 earum
867 3304 930 3350 non
947 3291 1016 3350 erat
1030 3284 1191 3350 admissus
1208 3285 1250 3366 (v.
1267 3288 1442 3364 alu-216,
1466 3288 1527 3351 266
1542 3284 1611 3369 sq.).

420 3418 504 3463 nunc
526 3396 698 3463 arcessitur
720 3396 852 3460 alterius
875 3393 1018 3459 mulieris
1043 3395 1147 3477 ipsius
1169 3395 1270 3477 iussu,
1301 3401 1335 3460 ut
1357 3396 1521 3476 negotium
1543 3415 1612 3460 sus·

420 3507 530 3592 cipiet,
563 3503 649 3588 quod
677 3505 776 3571 multo
804 3505 912 3586 aptius
941 3520 1104 3570 servorum
1138 3503 1235 3568 alicui
1269 3504 1385 3569 mulier
1418 3504 1616 3586 mandasset,

421 3619 504 3682 sieut
534 3635 564 3680 v.
594 3615 654 3680 397
690 3613 853 3678 Gelasimo
887 3631 1016 3694 operam
1049 3632 1138 3677 suam
1172 3611 1319 3677 offerenti
1351 3612 1524 3696 respondet
1539 3611 1613 3678 '‘sat

421 3744 583 3790 servorum
607 3722 709 3788 habeo
733 3719 847 3786 domi'.
887 3720 1035 3786 Plautum
1069 3721 1173 3803 ipsum
1203 3715 1339 3804 parasiti
1361 3741 1527 3804 personam
1550 3729 1618 3787 tam

421 3831 528 3915 inepte
551 3830 769 3896 introduxisse
788 3830 846 3908 ‚vix
861 3829 920 3893 tibi
938 3829 1159 3913 persuadebis.
1194 3830 1291 3894 immo
1307 3830 1512 3902 diasceuasta
1533 3830 1613 3898 duas

422 3940 549 4006 fabulas
585 3939 785 4006 confundens
819 3937 954 4022 parasiti
989 3957 1159 4020 personam
1185 3957 1224 4003 ex
1259 3941 1361 4006 altera
1394 3939 1617 4024 depromptam

422 4049 554 4114 alterius
584 4056 770 4130 argumento
793 4046 948 4131 adaptare
970 4047 1094 4113 studuit
1124 4054 1174 4112 sat
1195 4048 1405 4114 incommode.
1449 4049 1614 4135 praeterea

423 4164 458 4244 ut
474 4155 618 4242 Stichum
629 4159 788 4239 „coniciam
804 4177 821 4222 e
839 4155 963 4221 duabus
985 4156 1103 4222 fabulis
1126 4175 1196 4222 esse
1219 4163 1413 4223 contractam
1437 4157 1497 4222 hac
1515 4177 1613 4240 ‚causa

423 4281 565 4347 moveor,
602 4265 687 4348 quod
717 4266 780 4330 ista
809 4271 932 4331 tantum
963 4265 1085 4331 ratione
1109 4251 1251 4350 ¹quinam
1277 4251 1361 4333 vitia¹
1382 4287 1480 4350 supra
1501 4287 1617 4346 memo-¹

424 4385 493 4442 rata
517 4376 662 4460 inrepere
684 4377 845 4459 potuerint
866 4376 899 4440 in
922 4368 1066 4441 fabulam
1088 4377 1292 4460 intellegitur.

524 4486 648 4564 Quibus
661 4506 690 4550 -e
707 4485 824 4550 fabulis
848 4484 1051 4552 diasceuasta
1063 4485 1208 4552 Stichum
1235 4486 1453 4570 composuerit
1474 4485 1616 4552 indicant

425 4594 555 4661 Stichus
589 4595 700 4660 titulus
721 4593 848 4676 duoque
876 4615 986 4660 versus
1014 4595 1100 4678 apud
1128 4595 1256 4660 Festum
1281 4597 1406 4678 prolati,
1437 4594 1521 4660 unde
1545 4616 1616 4679 pro-
