3578 5336
754 400 930 452 -03,

731 599 958 666 AGROEOVS

327 709 346 770 5
389 735 409 771 0
430 709 522 791 quasi
547 710 640 792 lupus
663 709 704 774 ab
726 710 823 774 drmis
846 709 948 789 valeo,
971 709 1081 776 cldnes
1103 709 1256 778 infractos
1280 732 1366 794 gero.

786 883 899 950 ANVS

752 1049 929 1118 ARTEMO

833 1177 848 1242 l

391 1287 484 1354 Nunc
508 1287 586 1354 mihi
609 1288 685 1353 licet
705 1286 834 1370 quidvis
854 1287 958 1370 loqui:
982 1305 1074 1352 nemo
1090 1285 1142 1353 lu'c
1157 1287 1250 1354 adest
1263 1289 1437 1372 superstes,

341 1539 473 1605 Servius
506 1539 548 1604 ad
580 1539 675 1622 Verg.
705 1537 821 1622 Georg.
846 1537 870 1621 l,
894 1539 953 1602 124
981 1545 1154 1616 veterno,
1188 1537 1323 1624 pigritia
1346 1537 1437 1624 [otio

241 1649 319 1732 quia
345 1649 531 1732 plerumque
557 1649 678 1712 otiosos
703 1645 786 1712 solet
808 1645 859 1712 hic
881 1647 1011 1714 morbus
1035 1648 1203 1714 incessere.
1247 1649 1381 1716 Plautus
1404 1651 1438 1716 in

240 1758 393 1826 Addicto:
417 1778 498 1842 opus
514 1778 541 1823 e.
555 1778 584 1842 q.
598 1756 639 1839 0.]
658 1762 808 1823 veternus
823 1763 931 1823 autem
948 1757 1064 1824 dicitur
1079 1757 1207 1824 morbus
1222 1759 1358 1826 intercus
1373 1761 1392 1825 i.
1409 1779 1436 1824 e.

240 1861 368 1950 ῧόρωψ,
391 1865 446 1950 qui
467 1866 613 1934 homines
636 1867 735 1933 efficit
758 1869 868 1951 pigros
892 1866 939 1948 [et
963 1867 1099 1934 dicimus
1119 1867 1171 1934 hic
1186 1869 1326 1936 intercus
1341 1867 1436 1934 huius

241 1955 437 2054 intercutist'
470 1977 526 2058 cfr.
547 1998 647 2058 supra
665 1999 698 2060 p.
721 1977 772 2044 13.
1186 2049 1191 2064 .

339 2085 565 2153 AGROEOVS
589 2087 712 2154 Gellius
736 2087 795 2170 III,
808 2089 836 2168 3,
849 2088 868 2151 9
880 2087 1006 2152 Marcus
1018 2092 1125 2152 tamen
1138 2087 1238 2151 Varro
1255 2087 1287 2152 in
1298 2083 1381 2154 libro
1396 2086 1436 2154 de

240 2195 415 2262 comoediis
427 2195 586 2262 Plautinis
609 2197 713 2281 primo
737 2195 832 2262 Accii
852 2197 952 2262 verba
974 2196 1053 2262 haec
1078 2198 1183 2279 ponit:
1207 2218 1279 2262 nam
1304 2196 1435 2264 000110-

241 2305 337 2370 minei
367 2305 515 2372 Lenones
540 2326 599 2372 nec
623 2305 815 2372 Condalium
835 2327 894 2372 nec
918 2309 1005 2373 Anus
1027 2307 1145 2387 Plauti,
1178 2328 1238 2373 nec
1265 2306 1319 2372 Bis
1351 2327 1434 2372 com-

241 2433 353 2496 pressa
375 2434 434 2478 nec
458 2413 592 2478 Boeotia
614 2432 764 2494 umquam
787 2413 857 2490 fuit,
881 2432 984 2495 neque
1008 2413 1089 2479 adeo
1111 2415 1309 2498 Agroecus
1331 2433 1435 2498 neque

240 2522 491 2594 Commorientes
508 2521 610 2587 Macci
622 2521 698 2586 Titi.
735 2520 962 2605 Paulisper,
981 2523 1017 2585 17
1035 2521 1075 2585 Μ.
1093 2524 1226 2588 010000
1249 2524 1433 2588 masculine.

241 2632 385 2697 Plautus:
408 2631 501 2714 quasi
523 2652 551 2696 e.
568 2651 597 2713 q.
615 2651 639 2695 s.
684 2631 808 2698 Nonius
832 2651 863 2714 p.
888 2632 956 2713 196,
980 2633 1018 2695 31
1045 2630 1086 2695 M.
1110 2633 1248 2698 clunes
1271 2633 1433 2698 feminino.

154 2763 157 2768 ¹
238 2737 406 2806 Horatius:
430 2740 516 2824 quod
538 2761 641 2823 e.q.s.
665 2740 852 2807 masculino.
888 2741 1021 2807 Plautus
1043 2740 1196 2807 Abroi'co:
1219 2741 1312 2824 quasi
1323 2761 1351 2806 e.
1364 2760 1394 2824 q.
1407 2761 1433 2807 s.

338 2849 450 2915 ANVS
472 2850 548 2915 solis
568 2849 602 2914 10
624 2849 714 2916 Accii
735 2849 874 2916 versibus
895 2852 984 2916 modo
1005 2849 1124 2916 adiutis
1145 2856 1341 2916 memoratur.

337 2959 514 3026 ARTEMO
535 2960 553 3024 Ι
575 2960 690 3026 Festus
713 2981 743 3044 p.
759 2963 831 3042 305,
845 2963 884 3026 27
898 2961 939 3026 Μ.
963 2963 1198 3046 superstites
1221 2966 1319 3026 testes
1343 2980 1432 3044 prae-

238 3073 345 3134 sentes
375 3068 545 3152 significat.
581 3070 671 3136 cuius
697 3070 743 3135 rei
766 3071 984 3137 testimonium
1007 3077 1065 3152 est,
1098 3069 1185 3153 quod
1206 3069 1433 3154 superstitibus

238 3177 461 3260 praesentibus
481 3179 510 3254 i,
542 3178 625 3243 inter
656 3199 736 3261 quos
772 3181 988 3246 controversia
1023 3187 1085 3258 est,
1116 3179 1277 3246 vindicias
1309 3197 1433 3244 sumere

238 3286 396 3352 iubentur.
440 3286 573 3352 Plautus
605 3287 637 3350 in
663 3287 843 3352 Artimone:
873 3308 957 3353 nunc
980 3309 1006 3354 e.
1022 3308 1051 3372 q.
1067 3309 1091 3353 s.
1124 3288 1168 3354 ud
1200 3286 1281 3354 1000
1311 3305 1433 3352 vorsum

337 3547 495 3616 Agrceoum
515 3547 626 3600 titutum
644 3547 764 3602 restituit
783 3547 949 3603 Bitsclrelius
962 3549 1077 3618 Purerp.
1094 3566 1122 3617 p.
1134 3554 1187 3604 138
1196 3565 1253 3618 epp.
1273 3549 1437 3618 00000111

236 3659 264 3710 p.
292 3647 351 3696 181.
400 3659 532 3712 egroeous
563 3643 640 3698 codd.
673 3642 754 3698 Gellii
788 3645 900 3698 ebroico
934 3645 1009 3700 codd.
1039 3645 1136 3700 Nouii.
1176 3637 1326 3716 ’Ἀγροικος
1353 3645 1432 3700 urdo

237 3739 385 3808 inscriptae
410 3741 519 3807 1010100
549 3757 662 3810 0000000
691 3745 799 3795 0001001
829 3741 982 3810 Acusilas,
1013 3742 1134 3812 Aupeur,
1167 3741 1347 3811 Philemonis,
1373 3741 1431 3797 Arr-

238 3836 369 3904 tiphonis,
389 3837 548 3892 Menandri.
621 3841 637 3891 5
658 3838 736 3906 quasi
756 3838 880 3892 Ρο01101
900 3838 986 3892 Nonii
1005 3838 1080 3892 codd.
1102 3857 1169 3906 quos
1194 3838 1284 3894 Nouii
1303 3839 1329 3894 L
1348 3855 1435 3908 quam*

238 3932 261 3986 si
280 3933 357 4002 lepus
375 3933 442 3987 coni.
463 3933 591 3988 0000000
627 3933 760 3989 infractos
780 3933 838 3988 fero
858 3934 944 3988 Pauli
960 3933 1034 3988 codd.
1053 3934 1164 3988 inflatos
1177 3934 1229 3988 edd
1250 3940 1312 3990 0011.
1331 3935 1430 3990 01001.

237 4029 352 4084 Burtlrii
374 4031 497 4084 desertos
520 4049 588 4100 gero
607 4031 682 4086 codd.
704 4031 795 4086 Nouii
815 4030 939 4084 defectos
958 4030 1076 4084 Botliius
1099 4031 1289 4102 Quieterctius
1312 4032 1430 4086 disertos

238 4125 366 4180 0000000
385 4127 520 4180 dierectos
538 4127 683 4198 Seyffertrrs
701 4128 732 4181 iu
751 4127 850 4181 Plsdol.
870 4127 978 4181 XXIX
994 4129 1090 4196 (1870)
1106 4145 1134 4196 p.
1150 4133 1210 4183 416.
1231 4129 1430 4183 0001011110οΜ-

236 4221 404 4290 110000000.
424 4223 479 4276 ΙΙΙ
489 4239 518 4291 p.
537 4229 589 4280 184
605 4225 739 4279 infractos
758 4225 880 4292 praefert
899 4229 979 4292 01000
996 4225 1119 4278 desertos
1138 4241 1151 4278 0
1175 4225 1302 4278 distritos
1329 4227 1370 4280 001
1394 4223 1429 4278 01·

237 4319 294 4372 mili
311 4319 402 4387 aliquo
421 4325 578 4388 corruptum
600 4322 695 4376 veteris
714 4321 869 4388 interpretis
887 4321 1018 4374 0100010
1036 4321 1127 4390 copias
1146 4339 1165 4375 0
1183 4321 1274 4375 Nonio
1293 4322 1430 4390 cupilotus

235 4415 450 4470 1001001000·οεοε
465 4417 603 4486 proponit.
640 4433 709 4486 quos
728 4417 813 4486 Capri
830 4417 870 4472 001
888 4417 974 4472 Probi
992 4420 1077 4486 fnisse
1095 4416 1157 4471 disi
1175 4432 1268 4484 00000.
1305 4433 1430 4472 curreres

235 4527 326 4568 000000
343 4512 462 4567 restituit
481 4512 643 4568 Ritscltelius
662 4513 678 4567 l.
698 4529 724 4568 0.
738 4529 768 4582 p.
786 4515 846 4568 183.

337 4609 381 4662 De
392 4609 552 4664 Artemonis
568 4607 658 4678 titulo,
670 4627 746 4679 quem
758 4610 864 4679 priores
874 4608 990 4666 editores
999 4612 1136 4665 Artemon
1148 4607 1357 4680 0001000010.
1368 4609 1428 4668 Rii-
