3578 5338
717 478 892 530 ..69-

686 644 784 710 ΧΧΧ
806 646 853 724 (B.
878 647 932 726 36)

360 756 486 824 thocum

673 881 787 946 xxm
809 883 861 960 (Β.
884 881 939 964 oo)

361 1011 519 1078 vesperus

747 1122 871 1190 XXXII

360 1235 484 1301 Gellius
505 1235 559 1316 IV,
581 1234 610 1310 7,
634 1236 650 1298 1
673 1231 821 1299 Valerius
844 1233 966 1299 Probus
989 1211 1253 1304 -Hannibalem
1277 1242 1309 1300 ct
1323 1235 1405 1302 Has-

310 1344 475 1411 drubalem
499 1349 530 1410 et
553 1341 767 1410 Hamilcarem
788 1345 835 1408 ita
857 1343 1096 1426 pronuntiabat,
1119 1350 1154 1408 ut
1176 1343 1405 1427 paenultimam

262 1521 265 1527 Δ
310 1452 582 1536 circumflecteret,
615 1457 695 1518 testo
724 1452 864 1532 epistula
894 1452 964 1518 eius
992 1451 1113 1535 scripta
1144 1449 1187 1518 ad
1208 1451 1404 1548 Marcellum,

312 1564 345 1628 in
368 1582 432 1646 qua
448 1561 596 1627 Plautum
619 1567 651 1626 et
667 1561 806 1626 Ennium
821 1562 1000 1646 multosque
1016 1561 1098 1626 alios
1118 1566 1295 1628 veterasco
1311 1561 1405 1628 modo

310 1669 535 1755 pronuntiasse
556 1669 706 1754 affirmat,
728 1670 828 1736 solius
847 1673 953 1736 umen
975 1669 1073 1734 Ennii
1095 1689 1222 1735 versum
1237 1689 1336 1736 unum
1351 1689 1405 1754 po·

311 1781 359 1847 nit
381 1801 422 1846 ex
443 1778 537 1862 libro,
559 1779 616 1862 qui
640 1779 752 1861 Scipio
776 1777 969 1844 inscribitur.

240 2021 243 2030 1
658 1928 805 1994 XXXIII
829 1929 877 2008 (Β.
900 1929 954 2010 54)

209 2042 271 2104 260
361 2039 396 2103 Α.
421 2038 507 2117 Quis
529 2039 597 2105 cst?
640 2040 674 2104 B.
708 2038 776 2105 Hoc
803 2044 897 2121 rugat
919 2039 1063 2122 pallum,
1088 2041 1224 2105 amictus
1247 2059 1310 2104 non
1334 2060 1403 2106 sum

607 2145 781 2214 commode.
1355 2175 1358 2182 ¹

304 2433 401 2500 XXX
427 2434 546 2500 Paulus
569 2453 600 2516 p.
624 2433 696 2509 367,
718 2431 793 2496 8Μ.
815 2429 965 2497 thocum
995 2451 1096 2513 genus
1127 2432 1228 2498 sellae
1263 2431 1400 2497 habetur

209 2544 297 2629 apud
320 2543 479 2609 Plautum.

306 2653 419 2718 XXXI
442 2652 561 2718 Paulus
583 2672 613 2735 p.
632 2652 703 2732 368,
725 2653 745 2715 8
767 2650 807 2715 Μ.
831 2670 1027 2734 vesperna
1050 2650 1137 2734 apud
1152 2650 1299 2717 Plautum
1323 2672 1403 2719 cena

208 2762 407 2846 intelligitur.
1395 2831 1397 2836 ,

304 2869 445 2936 XXXIII
466 2869 590 2936 Gellius
605 2871 644 2936 N.
661 2871 699 2934 A.
717 2870 838 2952 XVIII,
864 2871 911 2952 m,
937 2871 953 2936 l
978 2870 1012 2938 id
1034 2890 1160 2954 quoquc
1182 2869 1329 2935 habitum
1348 2875 1400 2948 est

207 2979 240 3043 in
263 2979 406 3045 oratione
430 2978 580 3044 facienda
600 2979 782 3062 elegantiae
805 2999 915 3062 genus,
938 2985 972 3046 ut
994 3001 1051 3064 pro
1074 2981 1182 3046 verbis
1205 2977 1397 3044 habentibus

206 3088 351 3172 patiendi
372 3089 508 3172 figuram
532 3090 663 3171 agentia
685 3097 841 3173 ponerent
859 3112 897 3156 ac
919 3090 1038 3157 deinde
1054 3089 1132 3157 haec
1148 3091 1219 3158 vice
1234 3092 1316 3155 inter
1329 3109 1401 3155 sese

207 3204 318 3262 mutua
340 3203 508 3263 verterent.
546 3198 711 3263 Iuventius
736 3198 769 3263 in
792 3199 959 3265 comoedia
984 3190 1153 3284 ‘paIIIum'
1173 3198 1279 3282 inquit
1299 3197 1399 3263 ‘flocci

208 3305 322 3388 [facio]
348 3313 382 3373 ut
403 3307 570 3392 splendeat
579 3297 596 3372 ’.
641 3329 746 3374 nonne
769 3309 829 3375 hoc
849 3309 1001 3394 inpendio
1017 3313 1182 3377 venustius
1211 3309 1400 3394 gratiusque

207 3422 264 3497 est,
296 3436 392 3499 quam
420 3418 449 3484 si
481 3417 604 3483 diceret
623 3409 850 3485 ‘maculetur'r
890 3420 1021 3486 Plautus
1043 3421 1141 3486 etiam
1167 3441 1230 3486 non
1253 3418 1399 3484 dissimi-

206 3525 292 3591 liter:
315 3525 457 3608 quidest
476 3547 502 3594 o.
525 3549 555 3610 q.
579 3548 604 3595 s.

204 3821 259 3875 aad.
271 3821 367 3874 suillas
377 3836 444 3876 corr.
456 3819 579 3885 Vrsinus,
591 3821 668 3876 caius
676 3828 849 3878 coarmcatam
858 3824 1059 3880 ventersuillus
1116 3824 1209 3878 dicam
1220 3840 1270 3878 sno
1284 3823 1398 3878 nomine

205 3917 371 3986 scrutillum‚
390 3933 441 3987 ego
460 3933 504 3970 ms
522 3916 644 3972 hodie...
655 3917 678 3972 si
698 3918 862 3989 quidemst,
886 3920 961 3989 qnod
980 3935 1088 3974 comesa
1107 3919 1181 3974 farte
1198 3919 1324 3975 biberem
1342 3920 1398 3976 Bo·

204 4013 277 4068 tbc‘as
291 4012 391 4083 parcas
408 4011 521 4066 mutatis
540 4013 647 4082 recepit.
676 4015 865 4069 ...inillam
884 4015 941 4071 cod.
961 4016 1118 4070 scrutillam
1135 4033 1195 4070 cam
1217 4016 1315 4071 Vrsr'ac
1333 4017 1397 4073 sari·

204 4110 315 4165 besdum
333 4115 383 4177 cst,·
402 4110 451 4177 cfr.
471 4109 563 4179 plasea
580 4110 611 4164 in
631 4109 737 4166 Loewr'i
756 4111 853 4166 Proar.
870 4129 898 4181 p.
917 4117 975 4168 282
994 4113 1134 4167 scrutillus
1147 4113 1321 4170 ventriculus
1340 4113 1397 4168 far·

204 4211 257 4262 tas.
293 4212 348 4262 tres
365 4207 468 4261 seaarr'i
485 4207 611 4262 uideatur
628 4208 721 4276 saissa,
749 4208 864 4263 aconas
882 4208 921 4263 a'c
936 4214 1016 4278 potes
1034 4210 1150 4278 emptore.-
1171 4210 1276 4266 Venter
1298 4210 1395 4264 suillus

204 4302 389 4357 distribuatur
416 4303 551 4371 pluribus.
589 4303 621 4356 B.
648 4303 750 4358 Totr'rm
777 4305 934 4359 scrutillum
953 4323 1005 4376 ego
1030 4323 1073 4360 me
1092 4306 1176 4362 hodie
1195 4323 1307 4361 esurum
1325 4306 1395 4360 reci·

203 4415 305 4468 parem,
326 4399 355 4453 Si
375 4399 448 4468 qnod
467 4417 575 4456 comesa
593 4400 666 4456 farte
685 4400 808 4455 biberem
827 4407 898 4456 esset
915 4401 991 4456 mihi.
1065 4404 1117 4457 257
1144 4404 1175 4457 id
1202 4407 1241 4457 cst
1259 4391 1352 4454 θῶκον

204 4498 256 4550 259
284 4496 374 4551 eadem
393 4496 500 4551 ratione
522 4498 652 4566 syllabam
679 4497 814 4567 producit
840 4499 926 4554 Varro
943 4504 1029 4553 satur.
1048 4517 1072 4555 a.
1091 4505 1146 4556 213
1159 4500 1193 4553 Β.
1267 4499 1319 4552 260
1332 4515 1395 4568 pcr-

203 4603 285 4646 soaas
303 4592 442 4648 rttstrr'baa't
461 4593 646 4648 Baecbclcras.
684 4594 751 4664 quid
774 4595 827 4649 hcc
845 4600 887 4648 est
908 4594 1053 4666 Scyffatus
1071 4595 1168 4650 Stadia
1187 4595 1281 4649 Plaat.
1298 4611 1328 4663 p.
1349 4600 1393 4651 29.

203 4689 344 4742 iambicam
373 4690 538 4745 octonariam
569 4690 667 4746 statuit
698 4689 887 4746 Fleckeiscaus
909 4689 983 4746 ‘Zar
1010 4691 1107 4746 Krita'lr
1133 4691 1180 4746 der
1205 4690 1394 4763 Dtcbtcrsraq-
