3578 5336
695 430 871 482 ..13-

186 602 290 666 Verrii
312 600 417 684 ipsius
433 600 533 666 libros
549 621 612 666 non
630 601 789 666 evolvisse
805 619 876 665 cum
898 601 979 664 inter
1001 617 1110 665 omnes
1134 605 1269 680 constet,
1292 599 1379 666 Festi

187 711 326 794 epitome
347 729 440 775 usum
462 729 532 776 esse
554 731 617 774 nou
640 716 784 792 apparet.
840 709 936 773 immo
966 709 1074 772 omnia
1104 728 1188 791 quae
1218 709 1326 774 insunt
1348 711 1378 774 in

187 820 343 886 Prisciani
376 820 469 884 libris
496 819 653 884 Verriana
684 838 742 902 per
774 817 949 884 secundum
984 825 1145 884 auctorem
1179 837 1217 882 eo
1250 818 1382 884 inducta

187 948 258 996 esse
288 928 452 1002 videntur;
488 928 592 994 Verrii
626 949 739 993 nomen
762 927 861 992 semel
886 927 1070 992 Priscianus
1095 925 1201 990 adfert
1221 927 1236 992 l
1258 946 1289 1010 p.
1309 928 1380 1006 212,

189 1037 227 1102 16
250 1031 475 1104 ‘inveniuntur
497 1043 602 1102 tamen
627 1035 758 1119 quidam
781 1035 861 1100 baec
884 1035 970 1100 allex
992 1035 1146 1101 feminino
1170 1054 1287 1118 genere
1306 1055 1381 1118 pro·

186 1147 309 1229 tulisse,
322 1148 406 1230 quod
421 1147 525 1232 Gaper
538 1147 678 1212 ostendit
694 1146 733 1212 de
749 1145 857 1212 dubiis
872 1145 1056 1229 generibus,
1072 1145 1216 1212 Verrium
1231 1145 1379 1211 Flaccum

186 1257 334 1341 posuisse
357 1258 489 1322 allecem
505 1255 588 1320 banc
609 1248 745 1322 dieens'.
784 1275 889 1337 neque
911 1261 1017 1320 tamen
1042 1260 1205 1321 causaest
1227 1274 1284 1321 cnr
1298 1253 1381 1320 bunc

187 1385 314 1448 qnoque
337 1365 537 1432 Friuolariae
563 1383 688 1430 versum
712 1364 911 1429 Priscianum
934 1383 952 1428 e
976 1363 1072 1447 Capri
1103 1363 1186 1430 libro
1220 1365 1380 1447 recepisse

187 1473 393 1540 coniciamus.
426 1475 524 1538 multo
541 1473 747 1540 verisimilius
769 1472 804 1538 lit
826 1473 1085 1556 interpretatione
1102 1473 1233 1538 voculae
1255 1473 1382 1539 adiecta

184 1576 237 1648 ‘et
260 1585 388 1665 proprie
416 1584 555 1647 intercus
583 1602 667 1664 aqua
699 1581 825 1659 dicitur,
857 1601 951 1663 quam
975 1581 1091 1648 Graeci
1125 1575 1260 1661 ὕδρωπα
1283 1585 1380 1648 nomi·

188 1683 287 1766 nant',
317 1691 453 1758 eundem
477 1710 548 1756 esse
572 1691 690 1755 iontem
710 1711 750 1755 ex
772 1709 836 1772 quo
851 1690 981 1756 Servius
998 1690 1076 1756 baec
1092 1690 1134 1756 ad
1147 1691 1241 1774 Verg.
1265 1691 1380 1774 Georg.

189 1801 213 1879 l,
238 1801 297 1865 124
321 1800 523 1885 adposuerit:
549 1793 709 1880 ‘veterum
732 1800 872 1884 pigritia,
897 1795 983 1885 [otiu
1007 1801 1082 1881 qnia
1097 1801 1283 1882 plerumque
1300 1801 1379 1864 otio·

188 1929 240 1976 sos
263 1912 345 1974 solet
367 1911 420 1976 bic
442 1910 570 1975 morbus
593 1909 761 1987 incessere,
785 1909 918 1974 Plautus
941 1909 974 1973 in
989 1909 1129 1975 Addicto
1142 1903 1249 1993 “opus
1272 1910 1379 1976 facere

188 2019 287 2084 nimio
309 2039 404 2101 quam
427 2019 567 2084 dormire
589 2018 723 2097 mavolo,
748 2025 911 2084 veternum
928 2008 1079 2099 metu0.'’]
1103 2027 1250 2086 veternus
1273 2027 1380 2086 autem

189 2127 308 2194 dicitur
330 2129 459 2194 morbus
482 2125 622 2192 intercus
644 2129 664 2192 i.
687 2149 714 2193 e.
737 2122 865 2208 lfoporp,
900 2131 955 2210 qui
980 2128 1126 2196 homines
1150 2129 1248 2196 efficit
1270 2130 1381 2213 pigros

191 2237 235 2316 [et
256 2237 405 2302 dicimus
419 2236 471 2302 bic
492 2236 642 2312 intercus,
672 2237 765 2304 buius
788 2233 991 2323 intercutis]'.
1032 2239 1212 2321 relegamur
1233 2240 1266 2303 ni
1288 2238 1382 2303 fallor

190 2346 232 2412 ad
256 2345 373 2410 librum
395 2344 435 2409 de
457 2346 546 2410 vitiis
567 2344 788 2430 corporalibus
811 2346 974 2428 scriptum.
1011 2347 1148 2412 fortasse
1171 2345 1232 2412 boc
1254 2367 1381 2429 quoqne

154 2507 157 2512 Α
187 2457 258 2521 loco
270 2455 453 2520 Priscianus
470 2455 609 2535 itemque
624 2453 787 2535 Servius1)
812 2455 966 2520 Suetonio
984 2457 1031 2520 usi
1047 2462 1130 2529 sunt,
1158 2456 1213 2536 qui
1239 2456 1381 2522 inPrato

188 2564 341 2630 devitiis
364 2563 585 2646 corporalibus
609 2570 728 2646 egerat

286 2672 521 2738 Perlustrantes
537 2679 700 2738 auctorum
714 2671 869 2752 ordinem,
891 2692 1025 2754 quorum
1048 2672 1165 2738 studiis
1188 2673 1380 2754 factumest,

188 2790 223 2847 ut
244 2781 450 2846 dubiosarum
468 2781 574 2846 Plauti
598 2781 777 2846 fabularum
794 2782 947 2846 memoria
968 2801 1030 2845 non
1054 2783 1158 2847 omnis
1174 2783 1381 2865 abolesceret,

188 2890 334 2956 videmus
358 2897 430 2973 post
453 2891 629 2956 Varronem
653 2889 864 2971 Verrinmque
889 2892 1034 2974 inprimis
1057 2891 1219 2956 Valerium
1242 2891 1380 2958 Probum

190 2999 434 3102 Berytiumbas
457 2953 963 3082 emissamque
987 3019 1078 3066 usum
1102 3020 1173 3066 csse
1195 3001 1237 3066 ad
1254 3001 1381 3067 thesau-

835 3089 1277 3107 Ν

188 3129 240 3174 ros
262 3097 1021 3192 granulati‘carnffi‘ousessvaruunnaugenuos.
1055 3110 1219 3174 Valerium
1241 3110 1380 3176 Probum

189 3185 939 3302 Berytirffld'ubinm
960 3227 1017 3296 est,
1041 3218 1117 3300 quin
1137 3218 1290 3303 Steupius
1304 3221 1383 3284 talia

189 3327 296 3394 studia
319 3326 538 3410 grammatica,
572 3326 612 3392 de
648 3327 798 3408 qualibus
822 3325 875 3392 bic
905 3327 1021 3410 agitur,
1055 3327 1225 3392 recentiori
1254 3327 1382 3394 cuidam

188 3436 293 3501 Probo
314 3435 491 3500 attribuens
515 3435 679 3500 erraverit.
718 3436 815 3502 nimis
837 3437 984 3518 angustis
1005 3435 1120 3502 finibus
1134 3437 1257 3520 Berytii
1275 3436 1383 3502 studia

189 3546 345 3610 coartavit
378 3551 474 3625 atque
497 3545 624 3610 tertium
648 3544 827 3612 studiorum
852 3565 953 3628 genus
980 3567 1000 3610 a
1031 3545 1185 3612 Suetonio
1218 3547 1381 3612 laudatum

189 3651 346 3735 (reliquit
371 3660 476 3718 autem
501 3673 562 3718 non
586 3653 781 3718 mediocrem
807 3654 922 3720 silvam
946 3654 1204 3720 observationum
1227 3657 1381 3722 sermonis

189 3761 343 3844 antiqui')
371 3780 481 3846 parum
505 3762 654 3844 respexit.
694 3762 752 3827 sed
783 3783 823 3828 ne
846 3770 997 3846 repetam,
1031 3781 1113 3845 quae
1146 3765 1211 3830 iam
1244 3764 1285 3828 ab
1307 3764 1382 3830 aliis

188 3871 266 3935 viris
299 3871 436 3952 doctis2)
466 3873 500 3937 in
531 3871 658 3955 Steupii
687 3873 879 3938 sententiam
910 3879 993 3938 recte
1025 3873 1151 3956 prolata
1184 3881 1267 3952 sunt,
1300 3875 1382 3940 satis

188 3977 290 4044 babeo
312 3993 752 4063 monermmgfflssquae
775 3989 900 4048 veteres
929 3984 1104 4067 scriptores
1126 3985 1186 4049 sub
1209 3983 1306 4049 Probi
1329 4003 1381 4048 no-

189 4087 273 4152 mine
295 4089 435 4165 tradunt,
472 4088 513 4153 iis
535 4089 686 4156 videlicet
708 4092 862 4175 exceptis,
895 4112 977 4173 quae
1001 4093 1105 4159 Probo
1134 4094 1255 4159 saeculi
1274 4095 1380 4175 quarti

164 4195 359 4286 'litteratori
392 4195 628 4280 adiudicautur‚
669 4197 711 4264 ad
748 4199 911 4283 Berytium
945 4203 1075 4268 referre.
1129 4201 1253 4268 Probus
1284 4201 1383 4284 igitur

289 4350 314 4414 1)
333 4347 459 4400 Servium
480 4345 604 4401 Suetonii
624 4348 736 4404 ‘Proto’
754 4350 844 4405 multa
858 4351 957 4406 debere
975 4353 1126 4408 ostendunt
1139 4353 1381 4408 Reifferscheidius

188 4447 205 4500 l.
225 4463 249 4499 a.
267 4461 293 4512 p.
313 4445 365 4496 272
384 4443 553 4498 Kircbnerus
572 4445 601 4498 in
621 4445 791 4500 Fleckeiseni
813 4449 911 4501 Annal.
931 4451 1021 4519 suppl.
1040 4449 1105 4502 Vlll
1122 4466 1148 4518 p.
1168 4451 1228 4502 532.

287 4543 315 4608 2)
335 4540 389 4594 cfr.
400 4539 549 4595 Teuffelius
559 4541 565 4558 ‘
574 4542 652 4596 Stud.
664 4545 721 4598 und
733 4544 878 4600 Charakt.'
897 4565 922 4615 p.
933 4549 986 4600 442
997 4546 1137 4601 Vahlenns
1150 4548 1206 4600 iud.
1218 4548 1280 4600 lect.
1290 4546 1381 4601 Berol.

190 4638 306 4708 retusus
326 4655 355 4706 p.
378 4642 417 4692 ro.
1089 4649 1093 4661 ¹
