3578 5336
897 471 1071 525 ..46-

895 683 1079 750 servulo

976 820 993 884 I

538 928 657 994 Paulus
680 949 710 1012 p.
732 929 782 1010 45,
806 928 879 992 3Μ.
911 929 1124 994 eatulinam
1166 897 1329 994 earnem
1366 928 1580 994 esitavisse

486 1037 547 1101 hoc
570 1043 618 1102 est
641 1035 820 1103 comedisse
842 1037 1002 1102 Romanos
1018 1038 1150 1102 Plautus
1172 1037 1205 1102 in
1232 1037 1402 1103 Saturione
1424 1036 1529 1102 refert.

967 1172 1000 1236 II

537 1279 671 1348 Retrabi
692 1278 850 1363 nequitur,
875 1278 1003 1364 quiquo
1026 1299 1198 1364 progressa
1218 1283 1267 1348 ist
1291 1280 1398 1346 semel.

965 1405 1013 1470 III

536 1517 574 1582 A.
590 1515 676 1580 Mtte
689 1515 747 1580 tibi
760 1517 905 1581 evenisse
918 1514 1021 1612 uideo.
1064 1515 1100 1579 B.
1118 1515 1231 1598 glaber
1243 1522 1312 1581 erat
1327 1521 1491 1598 tamquam
1502 1517 1581 1582 rien.

966 1642 1010 1705 IV

436 1753 496 1817 100
540 1751 754 1820 Subcinturia
775 1745 950 1837 [aliquem]‚
971 1753 1027 1834 qui
1048 1759 1080 1816 te
1104 1741 1243 1817 delectet
1264 1750 1362 1816 dorni.

459 2049 462 2056 ,
488 1967 685 2036 SATVRIO.
729 1969 927 2034 Saturionem
953 1973 981 2034 et
1010 1968 1182 2035 Addictum
1204 1962 1357 2034 Plautum
1383 1971 1418 2034 iu
1445 1969 1583 2050 pistrino

389 2078 553 2158 scripsisse
575 2076 698 2143 Gellius
718 2075 788 2151 III,
811 2075 843 2149 3,
866 2078 909 2142 14
931 2098 946 2141 e
973 2075 1115 2142 Vurrcue
1137 2077 1248 2158 adfert,
1273 2077 1330 2158 cfr.
1354 2078 1428 2143 adu.
1451 2079 1494 2143 ud
1515 2077 1581 2142 Ad-

389 2187 514 2252 dicturo.
558 2187 573 2249 Ι
601 2185 645 2250 ud
674 2185 753 2251 leuc
782 2185 926 2266 fabulum
960 2183 1116 2250 Ducarius
1151 2187 1246 2268 refert
1277 2185 1388 2252 Plinii.
1414 2191 1478 2252 uut.
1512 2187 1581 2252 bist.

390 2293 521 2368 XXIX,
546 2296 589 2359 14
612 2293 798 2360 aditialibus
822 2295 951 2378 quidem
975 2275 1079 2379 epulis
1106 2295 1250 2362 celebres
1265 2294 1318 2378 [sc.
1328 2297 1467 2380 catulos]
1482 2295 1583 2362 luisse

390 2404 495 2469 Plauti
530 2401 659 2468 fabulae
691 2404 812 2469 indicio
846 2411 927 2469 sunt.
974 2405 1006 2468 ΙΙ
1031 2403 1147 2470 Festus
1176 2425 1205 2488 p.
1230 2407 1300 2484 162,
1327 2405 1366 2468 27
1383 2407 1424 2471 Μ.
1448 2407 1583 2489 nequi-

389 2521 465 2579 tum
488 2520 520 2579 et
542 2514 723 2596 nequitur
757 2534 814 2597 pro
849 2535 912 2579 non
951 2535 1047 2597 posse
1082 2515 1242 2597 dicebant,
1265 2513 1308 2580 'ut
1340 2515 1480 2580 Pacuius
1512 2535 1580 2580 cum

388 2621 448 2688 ait:
480 2622 537 2689 sed
571 2644 642 2689 curn
670 2644 696 2688 e.
726 2643 755 2705 q.
784 2643 808 2688 s.
854 2623 987 2688 Plautus
1023 2625 1053 2688 in
1087 2624 1273 2709 Satyrione:
1308 2623 1427 2689 retrahi
1456 2644 1482 2689 e.
1505 2644 1535 2706 q.
1557 2613 1589 2687 s.

389 2732 439 2796 Ill
461 2731 576 2798 Festus
599 2754 629 2817 p.
653 2733 724 2810 277,
750 2734 788 2797 13
804 2733 843 2797 Μ.
866 2735 1000 2799 rienes
1034 2735 1128 2816 (quos
1163 2755 1247 2799 nune
1269 2735 1435 2810 vocamus)
1456 2732 1580 2814 antiqui

390 2842 596 2909 nefrundines
618 2842 836 2926 appellabant,
861 2845 937 2926 quia
962 2843 1079 2909 Graeci
1102 2837 1246 2930 νεφρούς
1265 2863 1319 2908 eos
1341 2847 1463 2907 uocant.
1486 2841 1582 2906 Plau-

388 2957 440 3018 tus
470 2952 503 3015 in
536 2951 725 3035 Satyrione:
759 2953 842 3018 male
871 2973 899 3017 e.
923 2973 953 3035 q.
977 2973 1001 3018 s.
1045 2952 1165 3019 Paulus
1195 2974 1226 3038 p.
1250 2953 1321 3036 276,
1343 2951 1422 3017 3M.
1455 2951 1581 3016 rienes

389 3060 514 3142 antiqui
541 3061 701 3127 vocabant
733 3061 948 3142 nefrundines,
983 3061 1060 3144 quia
1083 3061 1199 3129 Graeci
1223 3082 1277 3128 eos
1300 3053 1441 3145 νεφρούς
1463 3059 1580 3125 dicunt.

390 3169 537 3233 Plautus:
570 3169 683 3252 glaber
707 3189 734 3234 e.
757 3190 786 3253 q.
811 3191 835 3235 s.
888 3169 933 3235 IV
967 3170 1081 3236 Festus
1114 3191 1145 3254 p.
1173 3173 1243 3255 306,
1272 3171 1311 3233 25
1339 3169 1379 3233 Μ.
1415 3188 1582 3234 succen-

389 3278 539 3343 turiare
563 3284 611 3343 est
634 3278 814 3361 explendae
837 3279 1000 3346 centuriae
1014 3280 1120 3364 gratia
1135 3281 1294 3363 supplere,
1310 3278 1467 3344 subicere.
1491 3277 1582 3342 Plau-

389 3392 440 3452 tus
463 3387 496 3472 in
519 3386 708 3453 Saturione:
733 3387 940 3454 subcenturia
960 3410 986 3455 e.
1009 3410 1039 3472 q.
1059 3410 1083 3455 s.
1185 3433 1190 3440 -

488 3613 642 3668 Saturionis
674 3629 768 3668 uoueri
794 3613 978 3682 parasiticae:
1009 3613 1039 3667 iu
1071 3613 1155 3668 Perua
1187 3613 1265 3666 bobes
1299 3613 1358 3680 (cfr.
1384 3629 1407 3666 o.
1429 3616 1481 3666 101
1505 3613 1582 3680 sqq).

389 3709 424 3763 98
451 3711 582 3778 nequitur
601 3711 657 3765 ced.
676 3711 726 3777 esra
746 3709 853 3764 Kcitius
873 3710 946 3764 Mus.
960 3710 1046 3764 Rhea.
1065 3709 1108 3762 VI
1118 3726 1148 3779 p.
1162 3713 1223 3764 621.
1261 3708 1402 3763 Ritscbelii
1421 3708 1516 3776 Opusc.
1536 3708 1586 3760 IV

389 3823 421 3876 p.
439 3811 504 3863 278.
577 3808 611 3861 99
627 3823 759 3876 persoucs
781 3807 923 3861 distribuit
946 3807 1070 3860 Botbius.
1110 3806 1180 3861 idem
1206 3805 1282 3874 quin,
1312 3806 1416 3874 priores
1442 3805 1489 3872 qui
1518 3809 1582 3858 oute

389 3902 486 3972 glaber
502 3903 681 3958 iuserueruut.
724 3906 774 3956 100
792 3903 970 3956 subcenturia
988 3907 1099 3958 centurn
1118 3903 1231 3972 require
1251 3902 1299 3970 qui
1320 3901 1379 3956 cod.
1400 3901 1579 3956 subcenturia

390 4003 500 4054 centurn
512 4000 692 4068 quiBotltius.
731 4001 808 4054 Festi
828 4000 914 4068 ipsius
934 3999 1062 4068 defluitis,
1080 4017 1135 4068 quo
1152 4001 1208 4054 lucc
1226 4000 1329 4054 clarius
1341 4003 1459 4068 apparet
1469 3999 1582 4051 subcen-

389 4096 496 4150 turiare
519 4095 576 4149 dici
601 4096 633 4150 de
660 4113 714 4152 uuo
741 4098 780 4151 oet
796 4096 934 4151 uouuutlis
951 4096 987 4150 od
1004 4095 1185 4150 ceutcuuru'um
1203 4111 1342 4150 uumeruru
1361 4095 1519 4163 eaplmdum
1536 4110 1580 4148 or·

390 4193 504 4258 cessitis,
532 4191 639 4246 :uiuime
663 4191 695 4246 dc
716 4198 820 4246 cautum
840 4193 918 4263 ipsis,
947 4192 1041 4247 deiude
1058 4193 1221 4262 scriptorum
1239 4208 1313 4258 usus,
1342 4191 1417 4260 opud
1435 4208 1502 4260 quos
1519 4208 1583 4246 scru-

386 4305 436 4358 pcr
462 4288 494 4342 de
521 4305 574 4343 uuo
603 4293 709 4344 tautum
733 4289 934 4344 subcenturiuto
959 4305 1100 4343 seruorum
1127 4304 1181 4342 csse
1204 4287 1308 4342 iuuenis
1337 4289 1452 4354 (Tereut.
1474 4287 1584 4342 Pborm.

389 4389 447 4442 229
464 4402 503 4454 sq.
523 4385 619 4440 deecit.
638 4401 682 4454 αι).
706 4385 779 4440 Fest.
798 4386 814 4439 l.
834 4388 878 4452 ab,
897 4384 1009 4454 dcuique
1026 4384 1128 4440 codicis
1149 4385 1224 4438 tectio
1249 4385 1376 4452 delectet,
1395 4401 1477 4452 quum
1495 4399 1583 4438 omues

390 4481 501 4536 adderes
517 4499 661 4552 paruam
678 4481 708 4535 iu
726 4483 864 4536 delectent
885 4485 1033 4548 undarunt,
1061 4480 1207 4536 osteuduut
1225 4481 1305 4535 uerba
1324 4483 1435 4534 centnm
1463 4481 1582 4548 require,

391 4594 459 4646 quoe
485 4595 519 4632 ue
537 4595 596 4635 urm
614 4579 732 4634 uumuis
751 4578 858 4646 quidem
876 4577 1044 4644 cuuuuriuut,
1073 4576 1170 4630 tuscite
1195 4577 1361 4644 interpolata
1381 4582 1429 4630 aut
1447 4577 1523 4630 ualde
1541 4577 1584 4631 de·

388 4680 511 4746 proruto
529 4691 591 4729 esse.
629 4675 749 4744 aliquem
767 4675 856 4730 inieci.
1331 4656 1333 4660 ’
