3578 5336
904 397 1058 447 ..g..

384 564 510 634 rentino,
531 564 649 628 tradito
671 561 866 628 Ritsohelius
889 563 1036 639 coniecit,
1061 564 1211 632 Loewits
1235 563 1344 630 Prodr.
1369 587 1398 648 p.
1415 567 1474 630 291
1497 569 1577 631 veri·

383 673 520 740 similius
560 674 711 758 proponit
749 672 922 752 Cocistrio,
958 674 1084 756 glossas
1121 672 1300 738 ‘cocistrioz
1356 682 1578 757 praegustator

383 783 529 850 cooinae'
560 789 591 848 et
604 776 781 848 ‘cocistrioz
806 802 956 866 graecum
972 789 1029 862 est,
1052 782 1085 847 id
1104 788 1153 849 est
1168 774 1385 850 tabernarius’
1411 782 1577 850 adhibens.

484 892 658 975 Lipargum
681 891 818 972 titulum,
854 912 949 973 quem
971 889 1077 956 adhue
1110 891 1229 956 frustra
1260 898 1496 975 temptaverunt
1517 891 1577 956 viri

385 1002 480 1084 docti,
515 1007 638 1066 mutare
661 1019 725 1065 non
755 1019 852 1064 ausus
881 1019 960 1080 sum,
984 1020 1178 1082 quamquam
1201 999 1362 1082 confiteor,
1390 1021 1440 1065 me
1473 1000 1577 1066 adhuc

384 1110 543 1194 quomodo
565 1108 720 1192 explicari
744 1107 846 1191 possit
869 1128 932 1172 non
947 1107 1122 1174 iuvenisse.
1157 1108 1297 1174 editores
1319 1129 1391 1176 cum
1412 1109 1576 1192 Scaligero

385 1222 560 1303 Lipargum
582 1219 754 1283 retinentes
776 1222 895 1282 temere
917 1217 1052 1282 alterum
1081 1237 1196 1282 nomen
1218 1217 1357 1284 Parasiti
1391 1217 1476 1301 pigri
1507 1239 1577 1284 csse

385 1334 584 1396 censuerunt.
640 1346 774 1410 quorum
815 1328 972 1392 sententia
1008 1326 1136 1391 abiecta
1173 1326 1366 1394 Ritsohelius
1401 1325 1517 1411 Opusc.
1546 1328 1577 1392 Il

384 1460 414 1521 p.
437 1439 498 1502 730
520 1458 587 1520 sqq.
610 1435 772 1501 Freundio
795 1435 951 1501 adsensus
976 1444 1024 1500 est
1046 1436 1236 1519 proponenti
1257 1430 1307 1501 ‘in
1326 1428 1486 1521 Lipargo'
1509 1457 1577 1502 cor·

385 1553 511 1630 ruptum
541 1566 581 1612 ex
610 1540 663 1610 ‘in
691 1535 821 1628 litergo'
853 1544 1077 1627 corrigendum
1105 1565 1176 1610 esse
1208 1546 1256 1611 sic
1287 1539 1338 1610 ‘in
1361 1537 1576 1627 sitellitcrgo'.

338 1731 348 1751 .
385 1675 488 1738 neque
510 1655 573 1721 hac
594 1657 777 1722 coniectura
801 1674 905 1737 neque
927 1654 1097 1720 Ribbeckii
1119 1648 1168 1721 ‘in
1192 1645 1352 1738 Luperoo'
1375 1675 1477 1738 neque
1501 1654 1577 1720 Loc-

384 1766 440 1830 wii
460 1759 511 1830 ‘in
534 1755 688 1849 Arpago'‚
722 1762 756 1828 id
778 1764 864 1847 quod
889 1784 949 1829 nou
972 1771 1036 1829 tam
1059 1784 1160 1848 prope
1179 1764 1222 1829 ad
1243 1764 1421 1830 litterarum
1445 1763 1576 1830 tradita·

385 1896 455 1940 rum
478 1873 722 1940 similitudinem
745 1871 872 1962 accedit
894 1891 989 1954 quam
1013 1873 1143 1938 Loewio
1166 1874 1229 1956 ipsi
1251 1874 1355 1940 visum
1378 1880 1435 1954 est,
1468 1893 1578 1938 verum

385 1984 574 2052 extricatum
597 2001 668 2048 esse
690 1987 777 2065 puto.

485 2093 553 2157 Iam
574 2111 655 2157 unus
678 2097 778 2156 restat
798 2092 917 2165 titulus,
941 2091 981 2156 de
1004 2111 1066 2173 quo
1088 2090 1300 2156 Ritsoholium
1321 2092 1407 2158 haud
1429 2100 1514 2158 recte
1534 2093 1577 2157 iu·

386 2203 514 2268 dicasse
531 2221 655 2268 censeo.
685 2201 798 2268 Festus
819 2221 848 2284 p.
862 2203 932 2278 301,
945 2201 985 2266 26
1008 2207 1039 2265 et
1061 2202 1131 2278 352,
1144 2203 1184 2264 20
1205 2200 1311 2267 adfert
1333 2203 1446 2286 eSyro
1469 2205 1579 2269 fabula

385 2331 512 2377 versum
534 2310 619 2376 ‘oum
635 2311 769 2375 extortis
786 2311 861 2376 talis
878 2330 949 2375 cum
965 2308 1088 2375 todillis
1104 2311 1274 2378 crusculis'
1293 2311 1437 2387 (sodellis
1449 2333 1479 2396 p.
1492 2314 1577 2393 301).

387 2420 523 2486 eundem
539 2439 665 2486 versum
679 2440 696 2485 c
710 2419 894 2486 Cistellaria
908 2426 1062 2486 memorat
1074 2420 1259 2487 Priscianus
1271 2421 1287 2486 I
1297 2442 1327 2505 p.
1342 2423 1400 2486 103
1416 2430 1448 2487 ct
1460 2398 1587 2488 omisso¹

385 2529 515 2596 fabrrlae
548 2530 640 2594 titulo
668 2530 787 2594 Paulus
816 2549 846 2612 p.
870 2529 920 2592 52.
964 2528 1103 2610 denique
1129 2530 1245 2598 Festus
1268 2552 1298 2615 p.
1321 2533 1392 2612 329,
1415 2531 1456 2596 34
1486 2531 1579 2596 titulo

372 2642 474 2708 ¹barud
497 2641 620 2707 adiecto
645 2640 744 2706 tradit
770 2660 881 2706 versus
902 2633 1115 2716 ‘ldiobolares
1143 2639 1365 2706 schoeniculae
1390 2639 1578 2722 mi]raoulae

387 2772 456 2817 cum
481 2750 604 2818 extritis
626 2745 711 2835 [talis
734 2769 806 2814 eum
828 2748 951 2814 todillis
974 2737 1169 2828 crusculis’l,
1192 2747 1485 2830 quosCistellariae
1508 2768 1578 2814 esse

388 2881 430 2928 ex
457 2880 495 2926 eo
518 2859 672 2940 sequitur,
706 2856 791 2940 quod
823 2857 960 2939 priorem
983 2877 1109 2922 versum
1133 2857 1233 2922 Varro
1256 2856 1338 2922 de-l.
1361 2859 1381 2923 l.
1405 2859 1476 2940 Vll,
1498 2859 1538 2922 64
1561 2879 1578 2924 c

389 2969 573 3036 Cistellaria
605 2966 725 3032 laudat.
770 2966 920 3031 similiter
952 2966 1066 3032 Festus
1100 2967 1467 3051 praenarratam
1498 2967 1579 3033 duos

387 3098 499 3144 vorsus
522 3076 745 3144 cNervolaria
767 3077 899 3160 profert,
922 3075 978 3158 qui
1001 3075 1097 3140 iidem
1121 3077 1152 3142 in
1170 3076 1281 3144 Sticho
1297 3077 1407 3143 fabula
1422 3077 1578 3160 leguntur.

388 3188 563 3271 quaeritur,
595 3184 754 3270 quomodo
784 3185 845 3250 hae
872 3184 1036 3250 titulorum
1064 3185 1303 3268 discrepantiae
1344 3192 1474 3253 exortae
1506 3187 1578 3254 sint.

389 3299 606 3364 abstineamus
619 3315 720 3379 prava
734 3295 789 3360 illa
800 3294 1074 3379 interpretatione,
1097 3295 1228 3361 Festum
1244 3297 1295 3362 vel
1314 3297 1421 3379 potius
1433 3297 1579 3362 Verrium

388 3407 500 3473 titulos
533 3404 724 3486 confudisse,
759 3424 856 3487 quam
886 3403 926 3470 de
949 3401 1073 3468 duobus
1096 3405 1241 3469 versibus
1264 3426 1281 3469 e
1303 3406 1494 3471 Nervularia
1513 3406 1578 3470 lau·

389 3518 475 3583 datis
498 3517 561 3581 viri
584 3515 669 3581 docti
689 3514 895 3580 admiserunt.
918 3513 998 3579 haec
1021 3514 1105 3578 enirn
1121 3514 1353 3598 interpretatio,
1377 3533 1459 3596 quae
1475 3516 1580 3608 miuus

390 3627 575 3708 offenderet,
609 3627 637 3691 si
672 3645 735 3690 uno
769 3629 893 3690 tantum
922 3626 992 3690 loeo
1020 3622 1237 3704 discrepantia
1264 3629 1413 3699 exstaret,
1446 3624 1487 3689 ab
1511 3625 1581 3690 istis

389 3735 533 3801 versibus
549 3755 679 3818 prorsus
694 3733 888 3800 removenda
909 3738 967 3814 est,
993 3733 1179 3816 praesertim
1202 3752 1273 3797 cum
1296 3752 1353 3815 per
1374 3740 1457 3798 totas
1491 3733 1579 3798 Festi

390 3844 543 3926 reliquias
559 3863 717 3925 nusquam
733 3845 765 3910 in
781 3843 884 3909 titulis
899 3847 1035 3907 erratum
1059 3841 1110 3906 sit.
1154 3841 1298 3907 Muelleri
1321 3841 1582 3926 explicationem,

390 3960 422 4018 et
452 3954 486 4017 in
509 3953 693 4020 Cistellaria
725 3960 758 4020 et
784 3954 816 4017 in
840 3953 922 4037 Syro
946 3952 1035 4017 illum
1056 3970 1186 4038 ‘versum
1211 3952 1348 4034 positum
1371 3953 1480 4035 fnisse,
1515 3953 1580 4018 Rit-

390 4061 562 4140 schelius¹)
588 4068 622 4127 ut
648 4062 785 4127 otiosam
812 4061 928 4126 acriter
954 4060 1096 4126 refutans
1119 4059 1341 4143 Ladewigio2)
1365 4061 1581 4144 adstipulatus

324 4177 328 4186 '
390 4173 480 4250 ectr),
514 4171 569 4254 qui
596 4171 733 4237 coniecit
755 4171 870 4254 Syrum
898 4191 1024 4236 servum
1048 4171 1080 4234 in
1105 4169 1306 4236 Cistellariae
1328 4170 1475 4254 partibus
1498 4191 1581 4236 nunc

492 4322 518 4392 1)
536 4322 649 4392 Parerg.
669 4339 696 4390 p.
718 4322 778 4389 164,
799 4323 848 4375 175
859 4339 929 4391 sqq,
944 4323 1005 4376 206.

489 4418 517 4486 2)
535 4417 605 4472 Mus.
625 4417 713 4472 Rhen.
733 4417 782 4485 111,
802 4437 828 4488 p.
852 4419 968 4486 526sqq.

489 4515 517 4583 3)
535 4514 675 4570 Adsensus
695 4519 737 4569 est
755 4514 841 4569 etiam
853 4515 1022 4584 Leidolphus
1041 4515 1087 4569 ‘de
1105 4515 1181 4570 Festi
1192 4515 1328 4584 Paulique
1349 4514 1416 4569 locis
1430 4510 1576 4568 Plautinis'

390 4615 419 4668 in
437 4614 589 4671 Commeat.
609 4599 706 4684 philol.
725 4614 830 4670 lenens.
849 4614 876 4668 11
893 4633 920 4684 p.
940 4615 991 4668 205
1002 4631 1041 4682 sq.
