3578 5338
719 477 896 528 ...75-

768 647 847 714 LIII

361 757 474 841 Neqnc
497 778 557 842 ego
581 756 623 821 ad
650 777 794 822 mensam
823 755 970 841 publicas
992 777 1043 823 res
1066 757 1169 823 cltmo
1192 775 1296 839 neque
1319 756 1407 839 leges
1496 849 1497 854 ἵ

613 885 720 949 crepo.

775 983 847 1049 LIV

362 1093 403 1157 Et
425 1091 485 1172 ego
509 1099 539 1158 te
560 1093 757 1160 conculctbo
779 1100 814 1160 ut
835 1114 890 1160 sus
912 1094 1037 1160 catulos
1060 1113 1144 1159 suos.

782 1219 837 1284 LV

363 1379 369 1392 .
395 1381 428 1394 ..
452 1328 536 1395 bunc
559 1350 738 1396 sermonem
758 1330 870 1396 institi.

577 1536 579 1544 ,
704 1465 775 1531 LVI
790 1466 837 1546 (Β.
858 1468 912 1546 32)

215 1572 275 1635 285
367 1579 537 1658 properate
559 1574 730 1660 prandium

689 1684 777 1750 LVII
800 1685 851 1766 (B.
874 1686 930 1766 42)

363 1812 479 1875 corpus
500 1799 590 1858 tuum
612 1791 712 1877 virgis
736 1794 850 1860 ulmeis
874 1794 1047 1860 inscribam

314 2019 391 2084 LIII
426 2019 556 2086 Plenior
572 2028 738 2088 comment.
756 2021 901 2088 Servian.
916 2021 960 2088 ad
982 2023 1060 2088 Aen.
1078 2023 1093 2088 l
1111 2043 1140 2087 v.
1157 2023 1217 2087 738
1240 2020 1410 2104 increpi-

215 2135 319 2210 tans,
347 2129 548 2196 inclamans.
566 2184 572 2197 .
589 2181 619 2194 ..
643 2138 699 2197 aut
731 2136 817 2196 certe
850 2150 989 2213 arguens
1012 2131 1214 2208 familiariter
1237 2128 1408 2212 segnitiem

104 2223 106 2226 ⁵
216 2236 306 2302 tarde
331 2237 531 2321 accipientis,
569 2261 640 2306 cum
666 2246 753 2306 esset
775 2237 889 2304 avidus
914 2240 949 2305 in
971 2237 1118 2304 bibendo.
1159 2235 1245 2326 [nam
1265 2239 1409 2319 sequitur

213 2340 291 2412 ‘ille
314 2345 476 2430 impiger’.
499 2347 612 2413 melius
634 2353 740 2413 tamen
764 2348 940 2431 accipimus
963 2347 1052 2412 clara
1074 2367 1150 2413 voce
1173 2346 1343 2419 hortatum,
1376 2351 1411 2410 ut

218 2455 365 2521 Plautus:
389 2476 492 2538 neque
515 2477 541 2522 e.
565 2475 595 2538 q.
618 2451 656 2542 s]

315 2565 387 2630 LIV
422 2566 552 2630 Plenior
573 2572 741 2631 comment.
775 2565 921 2631 Serviau.
949 2565 992 2631 ad
1015 2567 1092 2650 Aen.
1117 2567 1148 2630 ll
1172 2587 1200 2630 v.
1223 2566 1285 2629 357
1307 2569 1410 2630 catu·

217 2675 336 2755 lique,
360 2695 439 2741 sane
464 2675 562 2754 catuli
586 2695 650 2740 non
673 2676 776 2740 solum
798 2694 912 2741 eanum
935 2675 992 2740 sed
1015 2682 1047 2741 et
1069 2681 1260 2759 serpentum,
1288 2681 1322 2739 ut
1343 2673 1412 2740 ‘aut

218 2786 340 2849 catulos
363 2785 456 2850 tectis
477 2790 533 2849 aut
556 2804 617 2850 ova
637 2783 847 2870 relinquens’.
882 2784 1016 2850 Plautus
1037 2785 1134 2850 etiam
1157 2804 1262 2850 suum:
1297 2789 1329 2850 et
1351 2802 1411 2867 ego

217 2913 244 2959 e.
267 2912 298 2975 q.
323 2913 348 2959 s.

315 3001 372 3068 LV
405 3003 532 3068 Plenior
564 3009 731 3068 comment.
765 3001 909 3069 Seruiau.
943 3003 987 3068 ad
1020 3003 1100 3068 Aen.
1129 3005 1174 3069 IV
1205 3024 1235 3069 v.
1260 3004 1321 3067 533
1355 3000 1412 3065 in-

218 3115 334 3179 slstit
350 3163 356 3177 .
374 3163 405 3178 ..
430 3120 485 3177 aut
506 3111 629 3178 insistit
651 3114 806 3194 volutare,
830 3121 884 3178 aut
908 3112 1031 3178 insistit
1056 3113 1221 3196 proposito
1243 3108 1411 3176 moriendi.

218 3223 348 3289 Plautus
371 3229 478 3287 tamen
499 3223 545 3287 ita
566 3220 625 3286 ait:
649 3219 734 3286 hunc
756 3241 781 3286 e.
805 3240 835 3303 q.
858 3242 884 3286 s.

320 3331 393 3397 LVI
429 3329 560 3396 Plenior
587 3336 754 3394 comment.
781 3329 924 3396 Servian.
958 3330 1001 3396 ad
1024 3332 1103 3395 Aen.
1127 3330 1175 3396 IX
1197 3349 1226 3394 v.
1249 3331 1310 3394 399
1333 3330 1412 3413 pul·

218 3441 346 3507 cbram
373 3461 450 3523 eq.
472 3460 497 3505 s.
535 3446 591 3505 aut
613 3439 705 3506 deest
734 3438 850 3506 ‘adire'
883 3447 940 3505 aut
975 3439 1066 3506 deest
1093 3437 1178 3523 ‘ad’‚
1212 3447 1246 3505 ut
1278 3441 1321 3505 sit
1352 3438 1411 3504 ‘ad

218 3556 350 3614 mortem
366 3549 545 3633 properet‘3
567 3554 624 3615 aut
639 3556 724 3615 certe
745 3550 878 3632 antique
897 3548 1067 3633 ‘properet
1083 3549 1245 3631 mortem',
1268 3554 1303 3612 ut
1317 3547 1411 3613 Plau-

218 3666 269 3724 tus
289 3653 476 3741 ‘properate
499 3653 689 3741 prandium'.
793 3658 991 3743 Philargyrii
1021 3665 1187 3725 comment.
1222 3655 1264 3723 ad
1295 3657 1411 3742 Georg.

219 3766 263 3833 IV
286 3787 313 3832 v.
338 3767 397 3830 170
420 3767 597 3843 fulmina3
631 3768 766 3834 fulmina
789 3777 961 3852 properant
988 3775 1113 3834 vetuste
1144 3769 1199 3850 ait,
1222 3774 1257 3833 ut
1278 3768 1411 3834 Plautus

214 3874 404 3959 ‘properant
426 3876 619 3961 prandium'.

318 3985 406 4050 LVII
442 3985 573 4050 Servius
596 3985 639 4052 ad
666 3987 743 4052 Aen.
767 3988 782 4051 Ι
804 4009 833 4053 v.
856 3988 917 4052 478
940 3987 1177 4054 inscribItur
1208 3986 1411 4066 dilaceratur,

218 4100 254 4159 ut
274 4093 422 4160 Plautus:
446 4113 560 4178 corpus
582 4114 608 4160 e.
633 4115 663 4178 q.
687 4115 710 4160 s.

221 4306 337 4375 petilust
354 4305 456 4359 hebrus
471 4305 552 4359 abicit
566 4305 710 4375 Seyffertus
724 4304 798 4360 serra
819 4307 912 4360 Plani.
930 4323 960 4375 p.
972 4311 1017 4360 20.
1090 4307 1142 4360 282
1161 4307 1198 4362 od
1210 4305 1313 4362 Mittite
1326 4306 1412 4369 III,1

220 4403 273 4458 otri
292 4402 364 4456 docti
382 4403 549 4456 rettulerant.
568 4402 618 4468 csr.
639 4402 781 4456 Ritscbelr'r'
804 4403 898 4456 urlaot.
970 4404 1023 4458 ‘283
1047 4403 1095 4468 cfr.
1115 4421 1142 4471 p.
1163 4407 1204 4458 18.
1277 4404 1328 4457 285
1348 4421 1412 4472 pro-

217 4505 314 4571 perate
332 4499 404 4554 Sero.
423 4503 575 4568 properant
593 4499 763 4570 Philomela,
782 4500 853 4569 qnod
871 4501 968 4570 recepit
987 4502 1113 4564 Bomitae,
1132 4501 1179 4570 qa·
1195 4501 1280 4554 solum
1299 4501 1409 4555 Pbr‘lcr·

218 4597 291 4668 pyrri
318 4596 498 4651 testiinonium
519 4597 618 4650 attulit.
692 4599 743 4652 286
762 4598 924 4654 inscribitur
943 4598 971 4664 0,
1004 4600 1051 4668 qui
1070 4599 1186 4654 Plautus
1203 4595 1299 4652 omisit.
1322 4597 1363 4651 tto
1380 4597 1412 4664 fit

218 4693 352 4750 senarius.
386 4693 536 4750 inscribam
565 4693 652 4763 virgis
679 4694 777 4748 rilmeis
806 4697 904 4764 corpr'rs
923 4699 1003 4750 tuum
1037 4695 1162 4750 Bottr'us.
1211 4692 1260 4760 cfr.
1288 4698 1412 4762 compasta
