3578 5338
712 404 887 457 „35-

201 581 347 646 iectaest
359 565 535 663 disputatio
548 565 667 641 nostra.
687 595 763 642 usus
776 582 824 641 est
839 575 949 642 Sticho
964 577 1107 659 genuina
1123 578 1234 644 tabula
1246 579 1399 645 Plautina

202 707 360 772 egraeca
381 667 538 770 Adelphis
560 685 729 750 Menandri
757 685 884 766 faota1),
912 705 1007 768 quam
1036 685 1183 752 adhibuit
1205 685 1247 752 ad
1269 690 1397 754 tertiam

200 805 235 864 et
245 799 382 864 fortasse
393 794 436 861 ad
447 795 583 860 mediam
601 814 703 860 novae
716 793 820 860 Stichi
837 803 960 878 partem
971 794 1245 862 conscribendam.
1263 799 1398 880 primam

201 914 325 992 partem
345 919 366 972 'e
385 905 576 971 Neruolaria
598 903 744 988 sumpsit.
777 921 859 987 quae
881 923 932 970 res
954 906 1047 971 nobis
1071 923 1182 970 ansam
1201 905 1334 990 praebet
1356 905 1398 970 ad

201 1022 425 1100 argumentum
447 1005 661 1081 Neruolariae
681 1013 930 1080 enucleandum:
951 1015 1065 1080 titulus
1088 1013 1182 1080 docet
1204 1015 1258 1098 agi
1280 1014 1322 1080 de
1343 1013 1399 1081 bo·

202 1127 288 1192 mine
315 1133 371 1191 aut
397 1125 579 1190 homiuibus
609 1144 707 1190 nervo
734 1125 927 1189 constrictis.
974 1125 1026 1188 cui
1060 1144 1132 1189 cum
1166 1123 1325 1190 adicimus
1360 1145 1399 1191 ea

201 1251 326 1316 quaec
354 1231 465 1298 Sticho
495 1232 709 1316 comperimus
744 1238 840 1315 atque
872 1249 975 1314 pauca
1009 1249 1092 1313 quae
1120 1233 1301 1315 fragmenta
1327 1233 1399 1317 ipsa

202 1341 349 1424 offerunt,
372 1341 433 1407 hoo
453 1339 521 1407 lere
544 1348 766 1424 argumentum
789 1343 1006 1407 restituimus:
1030 1347 1122 1423 pater
1143 1343 1238 1422 filias,
1261 1363 1398 1425 quarum

202 1450 311 1516 mariti
343 1457 417 1516 unte
450 1457 515 1516 tres
552 1469 654 1516 annos
686 1450 782 1516 domo
814 1452 971 1531 abierant,
1007 1451 1125 1516 invitas
1156 1451 1231 1516 aliis
1256 1452 1336 1518 viris
1364 1453 1398 1518 in

201 1551 437 1626 matrimonium
460 1557 537 1626 dc'ro
560 1560 635 1626 volt.
650 1605 652 1608 -
669 1559 820 1626 mulieres
843 1560 944 1644 patris
967 1560 1117 1643 precibus
1133 1579 1197 1626 non
1220 1561 1398 1644 obsequun-

202 1677 254 1736 tur
276 1671 462 1752 maritisque
483 1677 519 1736 ut
541 1668 636 1734 fidem
658 1676 797 1748 servent,
830 1670 996 1735 firmantur
1029 1669 1141 1735 nuntio
1171 1669 1281 1735 adlato
1303 1671 1398 1735 mari-

202 1786 251 1845 tos
274 1777 389 1845 redire.
446 1778 478 1844 hi
508 1785 614 1844 tamen
637 1778 678 1844 ob
700 1779 841 1860 aliquam
866 1798 996 1844 causam
1019 1780 1125 1844 nervis
1144 1779 1244 1845 vincti
1261 1780 1398 1845 retinen-

201 1897 261 1953 tur.
294 1887 403 1970 itaque
426 1896 518 1971 pater
541 1887 711 1953 consilium
736 1907 828 1954 suum
851 1888 984 1953 festinat
1000 1888 1215 1972 mulieresque
1237 1889 1300 1952 ium
1324 1897 1399 1955 sunt

202 2017 352 2064 cessurae
375 1998 470 2081 patri,
493 2017 563 2063 ouun
586 1999 619 2062 iu
641 2004 790 2081 tempore
812 1999 918 2062 mariti
941 1998 1077 2064 fortasse
1093 1997 1213 2064 astutia
1234 2017 1398 2064 servorum

202 2108 329 2173 liberati
350 2106 484 2173 redeunt
506 2109 675 2190 omniaque
700 2108 732 2172 in
757 2106 874 2172 bonnm
898 2113 1079 2171 vertuntur:
1103 2107 1187 2172 servi
1212 2108 1244 2170 iu
1266 2106 1397 2172 liberta·

202 2225 267 2284 tem
284 2223 437 2282 vocantur
458 2223 490 2282 et
512 2217 662 2283 mulieres
684 2215 725 2282 ob
758 2214 853 2280 fidem
887 2221 1047 2280 servatam
1082 2214 1316 2281 collaudantur.
1358 2236 1398 2282 ex

202 2326 345 2394 versibus
367 2329 502 2392 serratis
526 2325 567 2390 ad
588 2331 811 2406 argumentum
834 2323 1089 2407 intellegendum
1111 2344 1139 2387 r.
1156 2326 1175 2387 2
1195 2316 1397 2405 ‘probibent-

202 2456 264 2519 que
280 2421 407 2502 moeuia
422 2437 497 2516 alia,
519 2432 603 2499 uude
625 2453 685 2516 ego
701 2434 817 2516 fungar
832 2423 921 2498 mea'
944 2439 976 2499 et
996 2436 1060 2498 v.5
1080 2431 1206 2498 ‘vinum
1230 2432 1398 2499 sublestis-

203 2535 333 2613 simum’
367 2543 454 2609 haud
480 2544 598 2610 valent.
639 2543 774 2608 duorum
802 2549 992 2624 amatorum,
1022 2563 1102 2625 quos
1126 2549 1310 2628 pateream
1330 2562 1397 2607 mu·

201 2651 335 2720 lienibus
358 2653 480 2736 nuptiis
506 2653 700 2735 coniungere
724 2651 839 2727 studet,
866 2672 1019 2735 personas
1035 2651 1227 2718 efficimuse
1250 2650 1397 2718 versibus

201 2758 413 2847 4‘producte
447 2761 616 2846 prodigum
646 2782 717 2828 csse
747 2768 922 2827 amatorem
946 2759 1092 2826 addecet'
1127 2769 1160 2828 et
1193 2755 1397 2826 b‘iusanum

201 2873 295 2939 valde
329 2880 459 2954 uterque
491 2871 645 2938 deamat'.
690 2873 731 2938 de
753 2879 845 2956 patre
874 2871 1017 2954 loquitur
1046 2890 1166 2954 servus,
1201 2877 1236 2936 ut
1257 2870 1396 2953 ridetur,

201 3006 230 3049 v.
256 2985 272 3048 1
302 2978 451 3048 ‘scobina
483 2982 517 3045 ni
549 3002 609 3064 ego
637 2982 727 3046 illum
758 2988 900 3049 actutum
933 2981 1050 3046 adraso
1081 2971 1211 3047 seuem'.
1241 3001 1353 3046 versus
1378 2983 1397 3044 3

199 3087 375 3159 ‘ocissume
397 3111 455 3155 nos
476 3091 571 3156 liberi
595 3091 753 3171 possimus
776 3091 856 3158 fieri'
878 3091 1086 3156 verisimilius
1109 3091 1269 3158 deservis
1291 3091 1397 3157 dictus

202 3210 250 3270 est
272 3201 475 3285 sperantibus
488 3197 566 3266 'fore
588 3209 622 3266 ut
644 3221 739 3266 manu
758 3202 934 3284 mittuntur,
959 3201 1111 3284 quamde
1134 3202 1283 3284 ingenuis
1299 3221 1397 3266 nervo

201 3310 326 3376 vinctis.
361 3331 442 3377 unus
456 3299 584 3376 tanturn
595 3329 706 3375 versus
723 3308 921 3392 7‘sorattae,
944 3310 1164 3394 scrupipedae‚
1187 3309 1396 3393 strittivillae‚

201 3418 363 3486 sordidae'
390 3422 422 3484 in
444 3419 626 3487 meretrices
650 3418 764 3502 dictus,
795 3420 953 3503 quomodo
976 3439 1047 3486 cum
1070 3426 1258 3504 argumento
1283 3441 1396 3486 conec-

202 3529 316 3596 tendos
339 3528 391 3610 sit,
425 3531 512 3596 latet.
541 3529 747 3616 ¹verisimilius
769 3535 875 3593 tamen
900 3527 1002 3596 habeo
1025 3529 1066 3595 de
1088 3529 1309 3596 meretricibus
1332 3549 1396 3594 ser-

202 3659 325 3704 monem
348 3645 470 3704 tantum
492 3640 603 3718 fuisse,
626 3658 722 3718 quarn
744 3640 887 3720 ipsarum
910 3640 943 3703 in
965 3639 1092 3721 agendo
1115 3647 1230 3723 partes.

299 3748 389 3813 Haec
423 3747 464 3812 de
489 3747 679 3813 Neruolaria
709 3755 742 3814 et
774 3747 884 3814 Sticho
915 3749 942 3814 si
978 3748 1191 3831 probabiliter
1221 3748 1396 3832 disputavi,

201 3857 328 3923 Stichus
350 3859 492 3940 genuina
513 3865 636 3924 mature
663 3857 849 3923 oblitterata
875 3863 932 3923 est.
973 3858 1064 3922 ouius
1098 3858 1130 3921 in
1163 3858 1268 3923 locum
1291 3878 1325 3923 se
1350 3859 1396 3922 iu-

201 3967 343 4034 sinuavit
366 3968 467 4031 altera
490 3966 618 4032 Stichus
642 3967 772 4032 saeculo
794 3968 835 4032 ab
859 3987 888 4032 u.
912 3987 939 4030 o.
964 3968 1099 4050 septimo
1122 3967 1254 4032 ineunte
1278 3987 1295 4032 c
1318 3966 1395 4032 dua·

201 4078 261 4141 bus
282 4075 455 4141 comoediis
481 4075 642 4140 Plautinis
664 4081 836 4140 contracta.
878 4077 973 4140 istam
995 4075 1148 4157 tabulam,
1172 4076 1205 4142 in
1227 4098 1324 4160 quarn
1348 4075 1395 4140 di-

201 4184 345 4250 dascalia
376 4186 492 4249 veteris
515 4182 617 4250 Stichi
652 4183 809 4248 translata
837 4191 895 4255 est,
931 4204 1002 4249 oum
1035 4202 1193 4250 consensu
1214 4186 1394 4268 grammati-

300 4438 325 4504 1)
343 4436 403 4490 Hoc
431 4437 511 4490 docet
534 4436 694 4505 didascalia,
727 4453 798 4504 quac
817 4435 911 4489 Sticho
940 4437 1077 4505 genuinae
1106 4436 1233 4504 adposita
1251 4438 1348 4502 postea
1366 4435 1396 4488 in

201 4553 299 4588 novam
322 4533 409 4588 Stichi
437 4534 560 4587 fabulam
585 4535 722 4588 translata
749 4538 799 4588 est.
838 4533 1015 4587 didascalicon
1035 4533 1070 4587 ad
1089 4531 1235 4586 Menandri
1254 4531 1395 4602 Adelphos

202 4633 318 4688 alteram
338 4636 464 4700 spectare
483 4631 606 4688 ostendit
619 4631 665 4684 Fr.
677 4632 829 4716 Schoellius
840 4632 868 4683 in
879 4630 1048 4685 b‘leekciscni
1059 4630 1158 4684 Annal.
1173 4633 1239 4684 1879
1252 4648 1279 4699 p.
1290 4632 1325 4683 44
1335 4648 1395 4700 sqq.
