3578 5336
669 458 843 510 ..15-

151 627 326 704 difficilis.¹
354 626 464 692 insunt
485 624 571 690 enim
596 625 627 688 in
652 627 934 706 grammaticorum
958 627 1150 709 scriptorum
1181 627 1272 694 libris
1293 629 1351 694 ali·

151 745 236 821 quot
257 755 370 802 versus
391 736 461 800 siue
484 733 666 798 fabularum
689 734 790 798 titulis
806 735 934 817 prolati,
957 735 1099 816 quicum
1121 736 1265 802 versibus
1281 740 1351 821 qui·

87 835 91 844 ’
151 847 293 914 busdam
304 845 485 911 fabularum
499 841 605 907 adbuc
618 849 817 908 servatarum
831 850 952 908 tantam
965 843 1207 911 similitudinem
1224 847 1351 923 habent,

150 965 189 1024 ut
214 955 356 1023 dubitari
372 954 483 1038 possit,
503 960 609 1018 utrum
634 971 692 1035 pro
716 952 786 1018 istis
802 952 949 1018 versibus
972 952 1112 1020 habendi
1135 976 1177 1020 au
1197 961 1350 1038 tanquam

149 1066 277 1132 diversi
302 1062 492 1148 fragmentis
508 1062 704 1128 addensendi
725 1063 798 1127 sint.
835 1063 921 1144 quod
936 1062 979 1128 ad
992 1061 1229 1131 decernendum
1245 1067 1350 1132 ouius·

28 1217 29 1230 .
150 1195 220 1260 que
243 1173 384 1242 auctoris
407 1173 562 1237 rationem
583 1171 703 1238 citandi
727 1191 824 1254 quam
859 1171 1109 1255 diligentissime
1137 1177 1350 1257 perscrutabi-

149 1307 235 1352 mur.
269 1303 373 1368 neque
396 1289 502 1347 tamen
526 1280 606 1346 baec
628 1281 710 1346 ratio
732 1280 773 1346 de
796 1281 941 1346 omnibus
956 1282 1104 1348 versibus
1127 1283 1209 1349 satis
1229 1291 1350 1352 eertum

152 1395 310 1460 iudicium
331 1389 474 1477 praebet.
517 1409 574 1474 per
596 1409 631 1455 se
653 1397 742 1474 patet
764 1410 834 1456 eam
858 1393 961 1456 minus
982 1393 1092 1458 valere
1115 1391 1149 1456 in
1172 1393 1230 1458 tali
1252 1396 1350 1480 scrip

150 1510 224 1569 tore
246 1502 352 1586 qualis
369 1502 494 1566 Nonius
510 1508 559 1566 est
574 1507 606 1566 et
621 1500 817 1580 Priscianus,
840 1501 897 1582 qui
913 1503 1069 1584 exempla,
1093 1521 1178 1583 quae
1193 1503 1349 1583 adferunt,

151 1633 170 1678 e
194 1613 295 1676 variis
316 1609 408 1675 libris
435 1609 570 1676 mutuati
592 1616 665 1674 suut
681 1609 796 1691 iisque,
817 1597 950 1691 quorum
965 1617 1112 1676 auctores
1127 1609 1230 1676 nihilo
1245 1614 1350 1694 magis

151 1721 317 1786 efabulis
338 1721 430 1804 ipsis,
462 1719 519 1785 sed
546 1739 564 1784 e
588 1719 728 1802 priorum
751 1719 1030 1802 grammaticorum
1065 1719 1168 1802 copiis
1202 1721 1351 1804 exempla

151 1837 393 1914 congesserant.
449 1848 642 1912 quamquam
665 1849 728 1894 non
751 1836 871 1894 eertum
895 1829 1023 1911 quidem
1046 1837 1162 1912 tamen
1196 1837 1349 1911 quantum

151 1945 270 2022 potest,
295 1939 462 2022 probabile
486 1946 520 2004 ut
541 1938 697 2004 iudicium
720 1937 784 2020 liat,
808 1937 887 2004 haee
910 1958 974 2005 una
995 1949 1071 2024 apta
1092 1947 1141 2005 est
1163 1941 1254 2005 ratio.

255 2051 293 2115 ln
301 2050 454 2115 Varronis
464 2049 634 2130 Verriiquo
650 2049 796 2130 reliquiis
809 2068 929 2127 versus,
952 2057 1087 2132 excepto
1100 2049 1186 2131 quod
1198 2050 1352 2115 nonnulla

151 2181 173 2224 a
197 2158 342 2224 codicum
379 2165 559 2224 nostrorum
581 2159 774 2224 lectionibus
806 2158 923 2222 leniter
951 2157 1138 2242 discrepant
1167 2165 1265 2241 atque
1298 2159 1350 2224 hio

152 2269 220 2333 illio
254 2267 353 2332 verba
384 2268 580 2351 transposita
606 2266 723 2348 sunt1),
756 2266 909 2332 adcurate
932 2265 1086 2350 descripti
1114 2274 1196 2333 sunt.
1240 2268 1350 2350 itaque

152 2371 298 2444 durbitari
321 2379 432 2460 nequit
455 2378 532 2460 quin
555 2395 666 2442 versus
688 2396 738 2441 ex.
751 2377 840 2442 Varr.
853 2376 954 2441 dell.
965 2377 1037 2458 Vll,
1048 2377 1086 2440 91
1098 2371 1234 2442 ‘ciocum
1252 2427 1257 2439 .
1276 2426 1282 2440 .
1300 2424 1306 2439 .
1330 2399 1350 2442 a

152 2507 219 2570 quo
235 2487 331 2552 etiam
344 2487 478 2552 Plautus
491 2485 585 2551 dicit:
609 2483 772 2568 quodvult
787 2485 933 2568 densum,
955 2488 1076 2552 ciocum
1099 2505 1162 2551 non
1177 2486 1348 2564 interduo',

152 2617 250 2679 quem
272 2596 397 2679 priores
430 2594 571 2660 editores
600 2614 767 2678 perperam
799 2613 857 2678 pro
881 2595 1039 2661 Rudentis
1061 2617 1090 2660 v.
1114 2596 1176 2659 580
1198 2594 1350 2660 habuisse

151 2705 314 2778 videntur,
335 2723 407 2769 oum
429 2704 605 2788 Spengolio
627 2711 660 2769 et
681 2704 836 2770 Muellero
870 2704 1061 2787 fragmentis
1083 2704 1273 2770 inserendus
1296 2705 1347 2769 sit.

150 2814 260 2878 minus
293 2818 379 2878 recte
407 2831 533 2877 uersum
560 2811 649 2877 Varr.
666 2810 696 2876 d.
716 2811 736 2874 l.
756 2812 775 2875 l.
795 2811 864 2883 Vll,
888 2813 927 2876 12
947 2799 998 2876 ‘ut
1020 2813 1153 2878 Plautus
1178 2835 1250 2880 oum
1285 2816 1349 2880 ait:

152 2923 241 2987 intus
253 2940 343 3003 para,
359 2941 445 3003 eura,
456 2921 532 2986 vide
542 2920 628 3003 quod
639 2940 721 3004 opus
734 2920 803 2986 liat'
814 2920 997 3004 Muellerus,
1009 2924 1061 2988 cui
1074 2923 1265 2990 Ritsobelius
1274 2913 1348 2990 Par·

151 3049 218 3111 erg.
231 3047 261 3112 p.
275 3029 314 3092 76
327 3029 543 3114 adstipulatus
560 3038 618 3105 est,
637 3029 828 3112 deperditae
843 3031 974 3097 subulae
986 3032 1180 3099 vindicavit:
1198 3041 1246 3099 est
1263 3036 1348 3101 enim

152 3138 350 3204 Meuaeebm.
374 3159 402 3202 v.
420 3139 524 3220 352²).
559 3140 712 3205 Varronis
737 3139 768 3204 d.
782 3141 801 3203 l.
819 3140 839 3204 l.
855 3140 891 3213 V,
916 3142 976 3204 146
996 3135 1188 3208 ‘secundum
1205 3143 1349 3210 Tiberim

151 3248 195 3313 ad
220 3249 346 3314 lunium
374 3249 476 3314 lorum
503 3248 679 3332 piscarium
709 3256 838 3329 vocant3
873 3249 947 3314 ideo
972 3251 1017 3316 ait
1038 3251 1171 3317 Plautus
1192 3254 1278 3338 apud
1303 3255 1349 3337 pi·

152 3359 302 3435 scorium,
326 3357 382 3422 ubi
399 3358 509 3424 uariae
525 3357 587 3423 res’
604 3377 622 3422 e
636 3356 888 3441 fragmentorum
905 3358 1017 3425 ordine
1033 3361 1115 3426 eieci
1131 3380 1202 3426 curn
1218 3361 1348 3427 Osanna
1439 3348 1441 3354 ¹

153 3467 258 3545 (Anal.
282 3467 353 3532 crit.
375 3487 406 3550 p.
432 3469 504 3545 186)
525 3466 685 3533 Vrlichsio
708 3466 802 3547 (Mus.
826 3467 927 3532 Rhen.
951 3467 1061 3533 XXlll
1083 3488 1113 3552 p.
1139 3470 1193 3548 87)
1216 3470 1348 3536 Goetuio

152 3574 207 3654 (ed
230 3574 355 3642 Cureul.
379 3596 409 3640 v.
433 3577 507 3656 474)
529 3577 740 3642 consentiens.
885 3641 888 3644 .

252 3685 279 3748 u
301 3685 390 3750 Festi
413 3687 551 3769 epitome
567 3687 723 3767 Paulique
744 3686 913 3770 excerptis·
930 3687 1149 3772 undetriginta
1170 3688 1349 3772 fragurenta

152 3793 324 3876 exscripsit
347 3795 490 3869 Bothius,
513 3795 666 3860 nonnulla
689 3795 822 3861 iniuria:
844 3796 939 3862 Pauli
960 3816 991 3879 p.
1004 3797 1043 3860 61
1067 3798 1133 3880 (ap.
1157 3797 1249 3863 Both.
1272 3818 1296 3863 s.
1318 3821 1347 3865 n.

152 3899 197 3982 3),
229 3892 412 3983 ‘coquitare
435 3922 493 3986 pro
517 3903 677 3980 comitare,
711 3902 745 3968 id
768 3910 817 3968 est
839 3903 1023 3985 frequentor
1044 3925 1190 3988 coquere,
1212 3906 1348 3973 Plautus
1381 3887 1383 3894 ’

152 3999 275 4090 posuit’
301 4009 506 4076 scribendum
529 4031 601 4078 esse
628 4031 661 4076 ec
677 4012 809 4093 pulnere,
851 4012 937 4094 quod
970 4010 1033 4078 iam
1057 4014 1214 4082 Ducerius
1237 4019 1348 4100 voluit,

210 4325 211 4332 ,
255 4280 282 4348 1)
300 4279 434 4334 Varronis
465 4282 591 4350 exempla
619 4281 763 4350 complure
791 4282 905 4354 collegit
928 4283 1064 4355 Bergkius
1086 4287 1346 4342 ‘AuslautendesD

151 4373 187 4427 im
208 4375 283 4454 alten
302 4375 414 4430 Latein'
431 4379 544 4446 pg.157
564 4395 633 4446 sqq,
657 4377 691 4431 de
703 4377 795 4432 Verrii
814 4381 947 4450 exemplis
966 4381 1115 4451 diligenter
1134 4385 1266 4438 tractavit
1285 4385 1347 4438 Loi-

151 4470 270 4541 ‹lolphus
289 4473 336 4526 ‘de
356 4473 432 4526 Festi
451 4473 586 4542 Paulique
606 4473 672 4527 loeis
692 4472 848 4530 Plautinis’.

251 4568 279 4636 2)
298 4568 379 4624 Nune
406 4570 487 4623 video
516 4569 570 4624 iarn
591 4570 743 4641 Bergkium
774 4572 791 4625 l.
817 4591 840 4626 a.
859 4591 886 4641 p.
910 4576 959 4628 159
978 4573 1105 4630 Muelleri
1134 4593 1255 4630 errorem
1287 4595 1346 4632 eor·

150 4679 261 4716 rexisse.
