3578 5336
922 453 1095 512 „pp-

505 631 604 695 Multo
625 630 780 694 maiorem
795 627 911 694 ceteris
934 630 1215 715 grammaticorum
1232 631 1362 714 scriptis
1377 629 1605 700 difficultatem

407 717 774 824 praebcnrbonffmn
793 737 824 802 'a
859 739 891 801 in
917 735 981 802 Ver
1005 718 1402 804 irruam
1438 742 1603 828 inscripta.

407 757 1399 929 inreffiigmwaaspnam
1427 869 1485 932 pro
1518 852 1604 936 frag-

406 935 1194 1034 mentisffifflfflilbdffist
1210 953 1399 1036 diiudicata,
1423 960 1501 1041 quia
1514 960 1602 1028 baud

406 1067 502 1150 pauci
523 1085 644 1143 versus,
669 1084 749 1148 quos
764 1065 807 1130 ad
829 1063 1185 1130 fabulasVarronianas
1208 1065 1369 1148 pertinere
1391 1067 1477 1132 tituli
1498 1069 1601 1136 additi

406 1183 498 1242 extra
519 1173 752 1241 dubitationem
768 1181 900 1259 ponunt,
922 1173 1095 1239 admodum
1113 1173 1305 1240 distortuosa
1328 1176 1495 1244 codicibus
1508 1179 1603 1246 Plau-

406 1287 483 1352 tinis
502 1283 674 1351 ostendunt
706 1303 803 1368 saepe
837 1285 870 1348 ln
890 1285 1039 1350 versibus
1061 1283 1283 1352 describendis
1313 1302 1469 1352 summam
1493 1291 1601 1370 negle-

406 1397 546 1478 gentiam
569 1394 744 1461 admissam
767 1413 846 1460 esse.
882 1395 941 1460 hec
971 1401 1078 1459 tamen
1109 1395 1142 1458 ln
1164 1396 1300 1461 alteram
1323 1403 1446 1462 tantum
1470 1417 1510 1464 ac
1531 1399 1602 1464 bre·

406 1504 528 1570 vlorem
562 1504 860 1570 commentariorum
894 1510 1018 1588 partem
1051 1505 1150 1582 valet,
1189 1504 1281 1570 culus
1305 1507 1464 1572 ¹Sturium
1497 1507 1602 1590 ipsum

406 1619 567 1678 auctorem
591 1632 663 1679 esse
676 1612 771 1678 'Philo
787 1611 944 1696 probarit.
981 1612 1127 1678 Servium
1146 1614 1307 1678 curiosum
1324 1614 1430 1680 Plauti
1451 1617 1601 1682 lectorem

407 1721 522 1789 docent
555 1722 735 1806 complures
768 1721 840 1800 loci,
874 1722 958 1787 aloru
991 1719 1034 1787 ad
1062 1722 1141 1786 Aen.
1170 1723 1224 1802 IV,
1252 1723 1325 1806 1493
1359 1725 1412 1808 Vl,
1434 1724 1510 1805 3833
1545 1725 1602 1803 lx,

406 1831 477 1898 647.
511 1829 1604 1938 lawmmmbiermmorepau-

406 1941 469 2009 tias
503 1962 541 2007 eo
562 1942 766 2028 potissimum
799 1948 928 2006 exortas
961 1961 1033 2006 esse
1246 1948 1258 2006 t
1324 1942 1386 2007 uod
1418 1941 1550 2008 Servius
1585 1963 1603 2007 e

406 2071 562 2116 memorre
579 2063 691 2117 uersus
714 2051 884 2116 attulisset.
938 2050 980 2114 ab
1015 2049 1075 2115 hoo
1111 2051 1206 2134 plane
1235 2053 1426 2116 contrarium
1449 2051 1604 2116 iudicium

408 2160 496 2227 cadit
528 2161 560 2225 in
593 2161 728 2226 alterum
752 2160 1052 2226 commentariorum
1075 2179 1186 2242 genus,
1211 2161 1301 2226 cuius
1324 2167 1435 2226 auctor
1454 2162 1604 2246 exempla

408 2269 652 2335 adcuratissime
675 2271 845 2353 descripsit
867 2269 912 2334 ita
937 2277 971 2335 ut
993 2289 1102 2335 versus
1126 2289 1205 2351 quos
1234 2268 1338 2334 adfert
1360 2251 1502 2334 Plautini
1535 2270 1604 2336 fore

408 2399 518 2445 omnes
541 2398 612 2445 cum
633 2380 791 2457 versibus,
822 2378 933 2462 quales
954 2379 986 2442 in
1010 2377 1177 2458 codicibus
1199 2378 1355 2460 leguntur,
1392 2375 1434 2442 ad
1469 2379 1602 2445 verbum

408 2489 608 2555 conveniant.
661 2489 756 2572 pauci
778 2495 899 2552 tantum
923 2486 1084 2567 differunt,
1107 2495 1142 2552 ut
1163 2485 1204 2551 ad
1226 2488 1306 2552 Aen.
1324 2487 1349 2568 Ι,
1372 2489 1447 2567 2333
1469 2487 1514 2552 IV
1530 2490 1602 2564 301,

407 2599 479 2681 373,
512 2599 586 2681 608;
618 2598 706 2678 VIII,
737 2599 811 2676 6323
845 2597 886 2675 X,
918 2598 991 2674 5323
1027 2596 1085 2679 XI,
1115 2597 1189 2671 160;
1223 2595 1288 2661 llol.
1314 2596 1449 2674 1x‚2o;
1483 2597 1600 2680 Georg.

408 2709 431 2783 Ι,
464 2709 534 2773 266.
587 2725 670 2789 quae
703 2707 940 2790 discrepantiae
970 2708 1086 2790 partim
1114 2705 1319 2770 librariorum
1351 2706 1469 2790 partim
1504 2708 1601 2791 scrip-

407 2819 487 2884 toris
524 2817 627 2900 ipsius
664 2815 825 2881 erroribus
858 2821 952 2880 natae
986 2822 1049 2880 tam
1084 2817 1170 2880 leves
1204 2821 1286 2894 sunt,
1321 2820 1355 2879 ut
1391 2813 1548 2882 iudicium
1583 2835 1602 2881 e

408 2927 521 2993 ceteris
552 2925 775 3009 depromptum
808 2923 937 2989 minime
972 2923 1177 2990 labefaciant.
1222 2941 1286 3006 qua
1319 2923 1447 2988 diversa
1479 2923 1602 2990 citandi

407 3038 530 3102 ratione
552 3055 615 3102 non
637 3041 806 3121 perspecta
828 3036 951 3119 priores
972 3035 1028 3117 qui
1053 3035 1235 3118 fragmenta
1249 3053 1267 3100 e
1283 3033 1416 3100 scholiis
1431 3033 1599 3100 Servianis

408 3147 604 3229 collegerunt
627 3145 699 3230 plus
721 3145 819 3211 semel
842 3152 1036 3210 erraverunt.
1093 3150 1179 3208 certe
1202 3143 1370 3226 scriptoris
1393 3143 1487 3208 istius
1512 3140 1602 3208 seho-

407 3257 520 3321 liorum
543 3257 669 3339 generis
691 3254 888 3320 consuetudo
904 3255 1053 3339 postulat,
1077 3260 1111 3319 ut
1134 3273 1190 3318 eos
1205 3271 1327 3329 versus,
1352 3253 1407 3335 qui
1423 3253 1493 3317 siue
1508 3251 1602 3316 fabu-

408 3367 509 3431 larum
543 3365 646 3430 titulis
677 3363 793 3448 prolati
830 3385 900 3429 oum
933 3362 1078 3428 codicum
1105 3363 1324 3427 Plautinorum
1358 3360 1506 3427 versibus
1539 3379 1602 3424 nou

408 3475 611 3546 conveniunt,
644 3474 897 3556 fragmentorum
927 3472 1033 3538 ordini
1060 3471 1285 3537 attribuamus.
1338 3472 1446 3552 itaque
1472 3488 1601 3534 versum

407 3583 450 3650 ad
472 3584 551 3650 Aen.
574 3583 614 3658 ΙΙ,
637 3583 697 3646 357
732 3588 937 3647 memoratum
968 3579 1093 3646 ‘catuli
1125 3580 1258 3645 Plautus
1293 3578 1390 3644 etiam
1425 3598 1534 3643 suum:
1570 3584 1603 3641 et

407 3715 468 3778 ego
498 3700 530 3758 te
553 3693 747 3758 conculcabo
769 3698 804 3756 ut
834 3711 888 3756 sus
911 3691 1034 3755 catulos
1058 3691 1162 3766 suos',
1196 3708 1289 3771 quem
1313 3689 1436 3771 priores
1460 3686 1601 3752 editores

408 3822 574 3888 perperam
591 3823 663 3868 cum
674 3801 802 3866 Trucul.
816 3822 845 3865 v.
859 3801 920 3864 268
934 3800 1118 3866 confudisse
1130 3801 1193 3864 iam
1210 3797 1391 3864 Schoellius
1408 3796 1450 3861 ad
1467 3795 1600 3861 eundem

408 3932 534 3978 versum
556 3910 689 3976 adnotat
720 3907 862 3973 metricis
896 3906 1075 3972 rationibus
1100 3905 1234 3978 innisus,
1269 3905 1459 3987 fragmentis
1491 3901 1600 3966 reddo.

408 4040 512 4102 neque
532 4021 627 4085 aliter
660 4017 796 4084 iudicari
820 4019 896 4082 licet
918 4017 959 4082 de
980 4015 1088 4080 vorbis
1114 4014 1285 4097 adscriptis
1309 4013 1351 4078 ad
1367 4015 1445 4079 Aen.
1461 4011 1514 4087 IV,
1541 4012 1602 4074 533

406 4124 544 4196 ‘insistit
571 4149 597 4194 e.
622 4149 651 4210 q.
675 4147 699 4192 s.
725 4175 782 4189 ...
805 4127 938 4192 Plautus
961 4133 1067 4190 tamen
1091 4125 1138 4188 ita
1160 4125 1220 4189 ait:
1257 4122 1341 4188 hunc
1363 4142 1538 4188 sermonem
1555 4121 1600 4184 iu-

408 4239 505 4317 stur,
528 4237 571 4303 ad
593 4238 673 4304 Aen.
690 4235 748 4318 IX,
778 4237 839 4300 399
859 4234 1040 4319 ‘pulchram
1065 4255 1090 4299 e.
1113 4255 1146 4316 q.
1168 4254 1191 4297 s.
1215 4282 1243 4296 ..
1263 4284 1268 4296 .
1292 4239 1347 4298 aut
1362 4238 1447 4298 certe
1468 4231 1601 4312 antique

408 4355 557 4438 properet
590 4354 722 4413 mortem
755 4355 789 4412 nt
810 4346 958 4412 Plautus:
990 4352 1160 4430 properate
1192 4334 1387 4428 prandium,
1414 4341 1457 4407 ad
1476 4340 1555 4406 Aen.
1576 4340 1601 4420 Ι,

409 4461 470 4527 738
497 4457 707 4541 ‘increpitans
731 4444 909 4521 inclamans
935 4503 988 4519 ...
1013 4462 1048 4520 ut
1071 4454 1217 4519 Plautus:
1242 4474 1345 4535 neque
1368 4471 1429 4535 ego
1452 4449 1493 4514 ad
1514 4469 1601 4515 meu·

409 4589 477 4635 sam
496 4567 643 4651 publicas
668 4585 719 4630 res
743 4566 845 4631 clamo
868 4585 973 4647 neque
996 4565 1084 4646 leges
1107 4561 1225 4646 crepo’.

493 4676 623 4742 Servius
645 4678 715 4760 ipse
739 4697 810 4740 cum
834 4695 937 4756 neque
961 4693 1069 4737 versus
1085 4672 1257 4754 diligenter
1278 4668 1482 4736 describendi
1499 4686 1601 4749 neque
