3578 5336
710 432 885 486 ..45·.

607 603 843 672 PARASI'PVS
865 604 995 671 Plena

350 817 430 886 Inde
450 819 501 888 lrlo
523 821 604 888 bene
625 830 718 906 potus
743 711 880 908 prdnulo
899 822 1094 906 orepdsoulo.

271 1039 312 1103 95
355 1040 493 1106 Domum
513 1043 561 1108 lre
584 1040 675 1126 coepi
698 933 826 1108 tramiltle
849 1041 893 1122 [a]
917 1041 1029 1108 dextra
1050 1041 1111 1108 via.
1162 1105 1163 1110 ,

349 1224 453 1326 dmbo
484 1279 602 1346 magna
632 1260 729 1328 lurido
760 1153 841 1328 lalddi
874 1259 1035 1346 pdstremo
1068 1261 1162 1328 ambo
1195 1260 1303 1328 sumus
1327 1281 1390 1327 non

649 1372 753 1436 nauei.

200 1571 345 1638 exoletus
376 1573 503 1638 exoleta
534 1574 702 1637 exoletum.
752 1570 885 1638 Plautus
919 1571 952 1636 in
986 1571 1129 1637 Medico:
1153 1571 1238 1636 domi
1263 1591 1290 1637 e.
1312 1592 1343 1655 q.
1365 1593 1389 1638 s.

201 1678 367 1747 Osbernus
389 1703 420 1766 p.
444 1681 503 1746 195
518 1680 559 1745 Μ.
583 1682 770 1764 exoletus,
794 1686 950 1746 excretus,
980 1681 1127 1747 Plautus:
1152 1681 1239 1746 domi
1262 1700 1289 1747 e.
1315 1702 1344 1764 q.
1364 1701 1390 1747 s.

180 1789 282 1856 tdem
303 1811 333 1876 p.
354 1791 416 1854 392
439 1791 574 1856 exules
597 1841 603 1854 .
631 1841 636 1854 .
662 1840 668 1854 .
692 1797 723 1856 et
745 1789 820 1855 inde
843 1790 988 1856 exoletus
1011 1841 1017 1853 .
1042 1841 1047 1854 .
1072 1841 1079 1854 .
1103 1789 1188 1856 unde
1204 1789 1336 1856 Plautus
1356 1791 1389 1855 in

201 1898 342 1965 Medico:
367 1897 452 1965 domi
475 1919 502 1966 e.
526 1919 555 1982 q.
580 1920 604 1964 s.
885 1909 886 1912 ’

298 2007 535 2075 nlulsmvs
567 2007 698 2074 risun
728 2009 744 2072 1
778 2008 877 2073 Varro
907 2007 947 2072 re
973 1990 992 2075 i.
1020 2008 1040 2072 l.
1068 2007 1140 2092 vu,
1164 2009 1202 2072 77
1230 2007 1271 2073 u.
1304 2007 1391 2092 apuu

206 2115 354 2182 Plautum
377 2117 410 2180 in
433 2117 578 2184 Parasito
602 2117 709 2201 pigro:
733 2117 808 2184 inde
829 2116 881 2183 hio
904 2137 930 2182 e.
955 2138 984 2200 q.
1011 2137 1034 2182 s.
1058 2117 1330 2216 orepuseulnm
1350 2116 1392 2182 ab

201 2225 342 2305 Sabinis,
365 2235 396 2292 et
421 2225 520 2312 (quod
543 2226 607 2308 M.)
632 2226 665 2292 id
688 2227 819 2292 dubium
843 2234 969 2310 tompus
991 2228 1093 2306 noeds
1120 2247 1159 2292 an
1178 2226 1245 2292 diei
1262 2228 1311 2294 sit.
1335 2226 1393 2292 ita·

201 2354 263 2417 que
288 2336 320 2399 in
345 2334 502 2401 Condalio
525 2342 588 2400 est:
611 2341 676 2398 tam
699 2353 725 2400 e.
747 2355 775 2417 q.
800 2354 824 2399 s.
849 2333 923 2400 ideo
946 2334 1064 2400 dubiae
1087 2354 1138 2400 res
1162 2333 1392 2417 ereperaedie-

200 2451 262 2510 tae.
285 2443 343 2524 cfr.
372 2443 428 2525 VI,
450 2445 480 2509 5.
524 2443 554 2506 ll
579 2443 678 2508 Varro
700 2441 740 2508 de
763 2443 782 2507 l.
805 2444 825 2507 l.
846 2441 916 2524 Vll,
939 2442 1032 2507 oali.
1056 2444 1088 2507 in
1111 2442 1257 2509 Parasito
1280 2443 1389 2526 pigro:

195 2553 329 2618 domum
352 2572 378 2618 e.
401 2572 432 2635 q.
456 2572 480 2617 s.
503 2558 648 2617 trames
670 2571 691 2615 a
712 2558 895 2618 transvorso
918 2550 1033 2617 dietus.
1077 2551 1127 2616 Ill
1151 2551 1265 2636 Festus
1281 2571 1312 2635 p.
1332 2554 1390 2618 166

201 2667 275 2732 6Μ.
297 2685 457 2733 naucum
491 2667 536 2731 ait
568 2666 680 2731 Ateius
703 2663 889 2748 Philologus
922 2665 999 2747 poni
1033 2684 1091 2747 pro
1125 2665 1231 2747 nugis,
1261 2663 1393 2729 Oineius

201 2775 287 2858 quod
308 2775 341 2840 in
365 2776 456 2841 oleae
478 2755 634 2857 nueisque
656 2773 726 2854 (cfr.
739 2773 865 2840 Keilius
886 2773 906 2837 t.
928 2774 972 2852 o.)
994 2773 1079 2838 intus
1102 2773 1153 2850 sit,
1176 2772 1288 2838 Aelius
1311 2772 1393 2837 Stilo

201 2885 341 2950 omnium
367 2905 473 2950 rerum
500 2890 660 2967 putamen,
699 2884 963 2967 glossematorum
995 2889 1099 2947 autem
1132 2883 1314 2965 scriptores,
1348 2869 1392 2945 f'-

201 2994 261 3060 bae
281 2994 373 3078 grani
394 2991 479 3076 quod
503 2991 634 3056 haereat
656 2993 688 3056 in
715 2992 834 3073 fabulo,
869 2991 1001 3074 quidam
1024 3011 1064 3056 ex
1086 2989 1220 3071 Graeoo,
1242 2990 1328 3072 quod
1350 2991 1392 3055 sit

201 3101 252 3166 ναὶ
275 3100 328 3168 καὶ
351 3089 435 3180 oripi,
456 3102 560 3166 levem
582 3099 743 3166 hominem
761 3099 945 3183 significari,
970 3100 1101 3182 quidam
1126 3100 1218 3167 nucis
1244 3100 1392 3186 iugulan-

200 3210 251 3278 dis
277 3229 372 3292 quam
386 3210 516 3276 Verrius
545 3208 750 3293 iugulandum
774 3217 874 3284 vocat,
906 3209 1046 3276 medium
1075 3210 1162 3284 velut
1184 3209 1393 3293 dissepimen-

200 3326 278 3386 tum.
321 3319 454 3387 Plantus
478 3321 510 3385 in
532 3318 678 3384 Parasito
699 3321 805 3403 pigro:
828 3320 923 3386 ambo
946 3340 973 3386 e.
997 3339 1031 3404 q.
1050 3340 1074 3385 s.

201 3505 252 3560 sito
266 3505 349 3575 pipro
366 3503 476 3572 subulae
494 3503 653 3558 attributum
672 3502 791 3559 reddidit
810 3503 914 3558 Medico
934 3503 1097 3560 Ritselrelu‘us
1113 3505 1130 3558 l.
1150 3521 1186 3572 u,
1205 3504 1252 3573 qui
1269 3520 1391 3558 numeros

201 3617 303 3670 quoque
313 3600 412 3670 posuit.
449 3602 483 3653 93
502 3599 577 3653 domi
590 3599 690 3668 reliqui
705 3600 843 3654 exoletam
857 3601 994 3671 virginem
1010 3601 1097 3656 Prisc.
1111 3599 1187 3656 codd.
1202 3600 1276 3654 domi
1291 3601 1391 3668 reliqui

105 3758 107 3762 ,
202 3699 340 3768 virginem
350 3696 487 3751 exoletam
500 3695 609 3750 Osteru.
622 3696 789 3765 reliqueram
802 3696 926 3752 Bothius.
945 3697 1034 3767 mupis
1047 3697 1085 3752 ud
1098 3698 1204 3752 litteras
1215 3701 1336 3751 amotus
1349 3712 1390 3750 oo·

200 3795 268 3850 cedit
290 3793 398 3849 Hurtu'i
414 3793 515 3862 reliqui
535 3811 594 3864 ego,
613 3793 700 3863 mepta
720 3793 799 3848 etiam
816 3794 939 3863 reliquit,
968 3794 1041 3861 quod
1059 3793 1237 3849 Buechelerus
1252 3794 1391 3862 proponit.

260 3905 262 3910 ’
300 3891 343 3945 De
363 3889 483 3944 Parasiti
501 3889 579 3960 pigri
596 3889 674 3944 tituto
683 3888 833 3959 disputavit
846 3889 1008 3945 Ritaeltelu'uo
1019 3890 1132 3960 Purerp.
1141 3907 1168 3960 p.
1178 3893 1239 3944 132.
1275 3891 1309 3943 94
1328 3891 1392 3944 inde

201 3987 247 4041 hio
266 3987 336 4040 dene
359 3989 441 4053 potus
466 3983 578 4054 (tumetis
601 3985 656 4040 siue
677 3986 784 4040 oeruott‘s
806 3987 928 4055 opllulu's)
951 3984 1027 4040 codd.
1050 3987 1115 4041 hine
1138 3986 1202 4041 inde
1220 3987 1290 4041 bene
1307 3991 1391 4056 potus

202 4081 353 4138 Pauudld.
376 4081 441 4135 inde
463 4081 508 4135 hie
532 4082 602 4135 bene
630 4085 712 4150 potu·
739 4099 779 4151 op.
806 4081 876 4136 Pius
898 4081 1040 4151 Scioppius
1064 4084 1210 4138 Muellerus
1234 4084 1299 4138 inde
1321 4085 1392 4138 bene

201 4183 319 4248 appotus
337 4177 455 4246 &alipes
468 4177 586 4232 Botulus
621 4179 711 4248 primo
730 4178 806 4233 codd.
820 4179 940 4247 primulo
956 4179 1077 4250 Sculiper
1092 4181 1208 4235 Botlu'ua
1227 4180 1392 4236 Ritselutu'us

203 4275 301 4344 Opust.
321 4276 358 4330 II
370 4291 397 4343 p.
417 4277 472 4329 276
491 4272 568 4342 adu..
595 4277 630 4328 95
648 4275 808 4329 dextraria
826 4275 901 4329 codd.
919 4280 1027 4344 praeter
1046 4275 1072 4330 G
1090 4277 1137 4346 quu'
1155 4277 1267 4331 dextera
1284 4277 1329 4330 via
1346 4293 1391 4341 em·

162 4411 165 4418 .
200 4373 269 4428 hibet
297 4387 352 4427 uou
379 4376 448 4426 reete
470 4387 488 4424 o
512 4371 641 4426 Muellero
663 4376 795 4441 receptum
819 4371 940 4426 tramitis
958 4377 1036 4427 reeta
1054 4374 1098 4428 via
1121 4371 1236 4427 Botlu'us
1259 4371 1391 4427 tramited

201 4469 371 4524 extrariam
390 4467 460 4522 idem
479 4484 495 4521 a
513 4467 613 4521 dextra
632 4468 677 4522 via
696 4468 879 4524 Buechelorus.
917 4469 1035 4538 Sooltper
1052 4487 1074 4525 u.
1093 4471 1128 4523 94
1147 4474 1171 4523 et
1191 4470 1224 4522 95
1244 4467 1405 4536 coutunpr't..

200 4584 226 4622 v.
246 4569 280 4620 96
300 4549 390 4620 Α’πὼο
413 4583 516 4636 magna
541 4565 623 4620 laude
646 4567 715 4620 lauti
739 4568 801 4636 ndu,
825 4570 966 4635 postremo
992 4566 1073 4620 ambo
1098 4583 1191 4654 sumus
1227 4565 1287 4620 Non
1309 4564 1390 4618 nauci

202 4663 236 4717 L.
256 4663 404 4717 Muellerus
422 4662 520 4717 Polus.
541 4663 699 4746 XXXVII
709 4680 738 4732 p.
760 4665 820 4717 359.
