3578 5336
867 389 1041 442 -.10-

837 559 1067 628 HORTVLVS

503 671 624 737 Praene
653 671 698 736 ibi
718 670 820 750 adsit3
844 669 914 737 eina
937 691 1066 753 corona,
1086 675 1205 754 quique
1227 673 1333 751 liceat,
1357 675 1481 736 veneat.

845 872 1059 938 LIPARGVS

503 984 557 1049 Nil
591 1004 696 1049 moror
728 983 807 1049 mihi
839 981 945 1048 funum
976 984 1010 1049 in
1041 983 1134 1048 alveo
1172 983 1290 1065 apibus
1324 982 1378 1064 qui
1414 981 1539 1065 peredit

803 1091 921 1157 eibum.

812 1265 1090 1334 NERVOLARIA

949 1380 964 1442 Ι

504 1489 644 1556 Seobina
666 1491 699 1554 ni
722 1509 782 1573 ego
803 1489 894 1554 illnin
918 1492 1059 1555 statutum
1082 1487 1200 1554 adress
1223 1508 1341 1555 senem.

356 1744 566 1810 minutionem
596 1763 616 1806 a
649 1744 756 1825 pueris
792 1743 871 1807 dieti
902 1750 982 1808 sunt.
1027 1743 1136 1826 itaque
1164 1749 1196 1808 et
1220 1743 1342 1808 Ennius
1364 1744 1424 1808 ait:
1448 1741 1546 1806 Poeni

356 1875 384 1920 e.
406 1873 435 1936 q.
459 1873 483 1918 s.
506 1859 539 1918 et
571 1852 728 1918 Lucilius:
767 1871 901 1933 numque
924 1873 950 1917 e.
973 1873 1002 1935 q.
1022 1873 1046 1918 s.
1070 1861 1101 1918 et
1144 1853 1292 1918 Plautus:
1326 1854 1399 1917 olim
1423 1871 1449 1916 e.
1473 1872 1502 1934 q.
1525 1872 1549 1916 s

357 1962 580 2027 Priscianusl
611 1981 641 2044 p.
677 1963 748 2042 231,
772 1963 810 2025 21
838 1962 877 2026 H.
910 1961 948 2026 de
985 1982 1104 2046 puerus
1138 1965 1263 2046 puellus
1297 1961 1406 2045 puella
1439 1961 1551 2041 famis

357 2071 512 2136 disserens
536 2070 669 2143 Plautus
693 2071 724 2134 in
747 2069 931 2135 Lenonibns
952 2071 1104 2154 geminis:
1139 2069 1225 2136 dolet
1248 2090 1319 2153 eq.
1336 2092 1360 2136 s.
1386 2069 1549 2136 Osbernus

357 2200 388 2263 p.
413 2179 472 2244 407
488 2178 529 2243 Μ.
564 2178 641 2245 item
673 2178 714 2244 ab
737 2177 800 2245 hoe'
816 2180 955 2260 nomine,
989 2179 1075 2262 quod
1098 2188 1146 2245 est
1167 2200 1255 2264 puer,
1276 2178 1329 2245 hie
1351 2179 1506 2263 puellus
1530 2180 1550 2244 i.

358 2289 492 2370 iuvenis,
517 2288 601 2354 unde
621 2287 755 2354 Plautus
779 2288 811 2353 in
835 2288 1032 2356 Lenonibus:
1056 2286 1191 2354 dolete.
1215 2310 1245 2372 q.
1269 2310 1293 2354 s.
1586 2375 1590 2384 1

456 2396 684 2462 HORTVLVS
708 2397 822 2464 Festus
846 2417 874 2481 p.
897 2399 969 2479 306,
991 2397 1067 2462 4Μ.
1090 2399 1159 2464 sub
1181 2418 1326 2463 corona
1345 2400 1479 2464 venire
1503 2397 1548 2462 di·

360 2512 483 2589 cuntur,
516 2505 594 2589 quia
625 2508 747 2590 captivi
779 2509 920 2575 coronati
942 2508 1046 2573 solent
1070 2509 1193 2588 venire,
1217 2515 1252 2573 ut
1274 2509 1321 2574 ait
1343 2507 1422 2572 Cato
1448 2509 1480 2572 in
1502 2527 1550 2588 eu,

357 2616 412 2698 qui
435 2620 483 2705 est
505 2615 546 2680 de
568 2636 603 2682 re
626 2616 771 2681 militari:
794 2623 829 2682 ut
853 2619 991 2700 populus
1015 2636 1041 2681 s.
1066 2639 1094 2699 q.
1119 2638 1142 2683 s.
1168 2617 1202 2681 id
1224 2625 1330 2684 autem
1353 2619 1480 2701 signum
1503 2623 1551 2682 est

357 2723 438 2788 nihil
461 2725 622 2807 praestari
647 2745 667 2790 a
692 2725 1047 2809 popu10‚qu0detiam
1072 2725 1205 2792 Plautus
1233 2723 1396 2810 signifieat
1417 2728 1449 2791 in
1472 2727 1550 2790 Hol-

357 2833 441 2898 tulo:
465 2853 581 2917 praeeo
605 2853 632 2898 e.
655 2853 684 2915 q.
709 2853 734 2898 s.

457 2941 670 3008 LIPARGVS
703 2941 890 3008 Priscianus
913 2943 928 3006 Ι
951 2960 982 3025 p.
1004 2944 1074 3025 522,
1098 2943 1168 3008 8H.
1193 2944 1226 3008 in
1256 2932 1332 3010 ‘do'
1359 2961 1454 3008 unum
1476 2964 1550 3008 ano-

358 3052 476 3117 malum
506 3052 665 3117 invenitur
695 3049 775 3116 ‘edo
807 3071 841 3116 es
866 3044 938 3116 est‘.
983 3052 1192 3118 vetustissimi
1213 3059 1320 3118 tamen
1344 3052 1441 3117 etiam
1464 3051 1551 3118 ‘edo

357 3159 442 3226 edis
465 3160 565 3226 edit’
590 3159 741 3226 dieebant
775 3167 921 3244 correpta
943 3161 1048 3245 prima
1072 3163 1208 3246 syllaba.
1251 3161 1393 3227 Naevius
1416 3163 1450 3227 in
1476 3161 1550 3228 Oar-

357 3267 504 3333 bonaria:
527 3268 584 3332 tibi
607 3288 633 3333 e.
658 3288 687 3350 q.
710 3289 734 3333 s.
759 3288 821 3333 non
844 3276 949 3352 potest
973 3268 1057 3334 enim
1081 3267 1114 3332 in
1141 3269 1201 3334 hoe
1225 3269 1331 3336 iambo
1353 3271 1551 3354 paenultima

357 3377 484 3462 syllaba
516 3379 613 3462 longa
643 3397 722 3459 esse,
756 3383 790 3443 ut
824 3377 1030 3461 intellegatur
1053 3379 1272 3460 praeteritum,
1296 3400 1335 3445 ns
1359 3381 1403 3446 sit
1426 3400 1549 3446 scazon.

354 3487 489 3554 ¹Plautus
509 3489 540 3551 in
563 3487 718 3570 Lipargu:
750 3487 794 3550 nil
818 3507 923 3551 moror
946 3507 972 3552 e.
995 3510 1025 3570 q.
1047 3507 1071 3552 s.

456 3594 735 3662 nunvunlnna
762 3596 777 3660 1
811 3595 909 3662 uarro
939 3595 980 3662 ue
1003 3597 1022 3661 l.
1046 3597 1065 3660 l.
1089 3597 1160 3680 vn,
1185 3598 1225 3662 us
1240 3597 1280 3662 u.
1309 3599 1341 3663 n
1360 3555 1550 3664 nervolaria

356 3833 465 3901 puellus
484 3833 570 3888 Prisc.
590 3833 699 3889 Oabera.
719 3834 791 3902 quod
809 3833 909 3905 recepit
919 3833 1075 3904 Draaperas
1085 3833 1201 3902 ‘Spatana
1215 3832 1240 3886 d.
1252 3833 1298 3886 lut.
1308 3827 1375 3901 spa?
1388 3830 1439 3888 112
1454 3849 1483 3902 p.
1496 3837 1550 3888 392

357 3929 445 3983 minue
463 3935 540 3998 rante,
557 3936 588 3984 at
607 3931 713 3999 opinor.
732 3931 782 3998 cfr.
798 3947 827 3999 p.
847 3934 872 3985 7.

456 4029 489 4079 77
510 4026 609 4094 cuique
630 4027 688 4082 cod.
713 4027 815 4096 quique
834 4043 901 4081 corr.
920 4026 1048 4097 Scalipar,
1067 4027 1116 4093 cfr.
1136 4027 1302 4081 Messeniam.
1322 4011 1383 4081 548.
1406 4030 1503 4080 ventat
1519 4025 1550 4079 ia

356 4121 444 4176 waliae
463 4138 518 4176 asse
536 4127 651 4177 testatur
670 4123 779 4179 Kallias
797 4123 871 4178 Mas.
890 4123 974 4178 Rhea.
999 4123 1043 4177 VI
1054 4140 1084 4192 p.
1104 4127 1159 4178 625
1176 4127 1275 4176 veneat
1298 4121 1421 4176 Vrsinus.

456 4218 598 4289 Liphargo
617 4219 658 4285 B;
676 4217 758 4274 ‘coda
778 4221 840 4274 Erl.
854 4224 871 4273 1
883 4220 962 4290 laps.
975 4220 1124 4290 1Ligurgo
1134 4219 1174 4273 ael
1186 4214 1314 4289 Licurgo’
1335 4217 1473 4271 Kralaliaa.
1498 4218 1549 4284 afr.

355 4333 384 4386 p.
398 4319 440 4369 10.
459 4318 611 4384 Λέπαργον
629 4315 648 4368 a'.
666 4331 687 4370 a.
705 4331 810 4369 saraam
828 4315 895 4369 ‘albo
912 4311 1549 4404 aeatre'upiapaempipramquaintellepitBaa·

357 4412 480 4468 caeteras.
537 4412 571 4464 78
588 4410 659 4464 nihil
677 4409 753 4466 codd.
768 4411 808 4464 nil
824 4411 942 4481 &stipat
985 4412 1049 4465 albo
1069 4409 1094 4465 θ
1114 4411 1177 4465 albo
1202 4411 1229 4464 B
1252 4413 1315 4465 alvo
1342 4412 1399 4464 rell.
1417 4409 1490 4464 codd.
1511 4411 1550 4464 al·

358 4526 409 4562 veo
424 4507 525 4563 Parata
536 4507 652 4562 Botlsius
664 4507 826 4562 Ritschalius
847 4508 945 4578 Opasc.
965 4508 1043 4578 Hp.
1061 4511 1116 4562 730
1132 4525 1188 4577 sqq.
1217 4508 1311 4577 perdit
1329 4509 1358 4562 D
1370 4507 1547 4577 pernditK.

459 4606 502 4659 De
519 4605 681 4660 Neruolaria
699 4605 778 4660 titulo
795 4621 819 4660 a.
836 4605 977 4661 Ritsalaela‘i
996 4605 1109 4676 Parerp.
1128 4622 1155 4674 p.
1175 4609 1218 4668 84,
1238 4607 1296 4660 174·
1308 4621 1365 4674 sqq.
1407 4607 1440 4658 79
1460 4605 1549 4660 scobi-
