3578 5338
887 467 1062 519 „72-

938 636 1015 702 XLI

375 755 436 823 ato
530 779 567 819 ω.
592 749 756 818 mittebam
779 750 887 813 vluum
910 746 1088 831 pulchrum,
1112 745 1294 812 murrinam.

927 880 1017 946 XLII

524 994 648 1063 Plinius
668 991 835 1058 Natflim.
859 990 951 1072 XIX,
977 991 1013 1054 19
1036 989 1065 1070 (ξ
1087 990 1157 1084 50);
1180 990 1214 1055 in
1236 991 1300 1056 XII
1322 991 1439 1058 tabulis
1462 994 1571 1076 legum

475 1111 654 1173 nostrarum
688 1120 846 1182 nusquam
879 1101 1060 1165 nominatur
1093 1100 1180 1178 villa,
1209 1119 1335 1184 semper
1357 1103 1388 1166 in
1411 1102 1570 1185 significa-

476 1213 562 1280 tione
586 1231 624 1278 ea
647 1211 765 1291 hortus,
789 1210 823 1273 iu
846 1207 928 1273 horti
954 1227 1030 1273 vero
1054 1207 1230 1288 heredium,
1252 1229 1348 1291 quam
1369 1211 1410 1276 ob
1433 1229 1498 1275 rem
1520 1230 1571 1276 oo-

476 1323 588 1388 uritata
623 1326 671 1385 est
704 1324 736 1384 et
769 1318 883 1399 religio
915 1315 1084 1398 quaedam,
1119 1315 1273 1401 hortoque
1295 1325 1326 1382 et
1351 1319 1419 1384 foro
1449 1324 1571 1384 tantum
1636 1321 1639 1326 '

477 1435 587 1498 contra
610 1411 821 1492 invidentium
842 1424 1103 1492 effascinationes
1126 1425 1228 1492 dicari
1250 1426 1396 1493 videmus
1418 1429 1450 1492 in
1473 1448 1571 1493 reme-

479 1540 533 1606 dio
556 1538 697 1604 saturica
725 1536 827 1619 sigua,
856 1554 1049 1618 quamquam
1076 1533 1185 1628 hortos
1209 1536 1326 1600 tutelae
1353 1535 1486 1601 Veneris
1517 1534 1570 1600 ad·

480 1649 629 1732 signante
652 1645 776 1711 Plauto.
1342 1634 1347 1640 ’

847 1779 958 1846 XLIII
981 1780 1027 1861 (B.
1051 1781 1106 1859 51)

530 1899 612 1959 cette
637 1891 720 1973 patri
743 1908 813 1952 mec

846 2014 952 2079 XLIV
975 2016 1023 2091 (B.
1045 2013 1100 2096 05)

531 2175 538 2192 .
563 2176 569 2190 .
593 2176 600 2190 .
624 2125 704 2190 haec
728 2127 901 2207 praesepes
924 2144 996 2190 mea
1018 2131 1074 2189 est.

466 2379 543 2444 XLI
565 2376 688 2440 Plinius
711 2375 783 2441 Nat.
809 2375 888 2440 Hist.
903 2375 989 2454 XIV,
1013 2377 1051 2440 15
1074 2377 1108 2455 (ξ
1120 2376 1174 2456 02)
1196 2373 1378 2440 lautissima
1399 2376 1488 2460 apud
1512 2377 1574 2460 pri-

381 2511 452 2558 scos
475 2490 552 2553 vina
573 2492 664 2550 eraut
687 2484 871 2568 myrrhae
894 2484 992 2550 odore
1016 2485 1155 2566 condita,
1188 2493 1222 2550 ut
1257 2493 1391 2569 apparet
1413 2486 1446 2550 iu
1469 2485 1574 2551 Plauti

380 2603 492 2670 fabula
514 2617 596 2680 quae
609 2596 708 2661 Persa
730 2596 923 2673 inscribitur,
948 2615 1142 2680 quamquam
1166 2598 1199 2661 iu
1222 2615 1262 2662 ea
1284 2599 1315 2660 θῖ
1338 2595 1497 2660 calamum
1519 2594 1574 2660 ad·

380 2711 414 2776 di
428 2709 525 2774 iubet.
560 2704 634 2769 ideo
656 2703 787 2786 qnidam
810 2707 978 2771 aromatite
995 2704 1171 2770 delectatos
1188 2704 1327 2768 manime
1344 2702 1484 2770 creduut.
1516 2704 1575 2771 sed

381 2818 500 2884 Fabius
520 2814 705 2879 Dossennus
729 2813 777 2878 his
800 2812 946 2880 versibus
969 2812 1127 2880 deceruit:
1150 2813 1313 2877 mittebam
1335 2834 1360 2879 e.
1375 2832 1405 2895 q.
1419 2835 1443 2879 s.
1489 2821 1520 2879 et
1541 2813 1575 2878 iu

381 2924 624 2994 Acharistione:
648 2943 765 3006 panem
789 2943 817 2988 e.
838 2942 868 3005 q.
892 2943 916 2988 θ.
1567 2915 1570 2921 ’

482 3056 593 3121 XLIII
626 3055 770 3122 (iledonii
799 3058 860 3121 Ars
896 3055 964 3134 (Gr.
992 3056 1046 3120 lat.
1081 3055 1117 3120 K.
1143 3055 1182 3135 V)
1218 3077 1248 3138 p.
1272 3057 1322 3135 59,
1356 3057 1396 3120 20
1427 3077 1500 3121 nam
1536 3055 1576 3118 ab

381 3192 419 3236 eo
454 3165 540 3250 quod
562 3172 610 3230 est
633 3165 743 3242 cedo,
779 3164 831 3230 dic
853 3163 932 3228 milri
953 3165 1041 3228 illam
1065 3184 1142 3246 rem,
1172 3164 1347 3230 secundam
1381 3171 1413 3229 et
1449 3166 1575 3230 tertiam

381 3298 550 3363 personam
566 3296 628 3340 non
651 3276 738 3357 facit,
762 3273 850 3340 cedis
874 3274 974 3354 cedit3
998 3273 1030 3338 iu
1054 3273 1172 3359 plurali
1196 3273 1275 3339 facit
1299 3280 1414 3352 cette,
1438 3274 1576 3338 utPlau-

382 3397 432 3454 tus
456 3388 488 3450 iu
514 3407 530 3439 s
550 3379 653 3450 ‘cette
678 3384 762 3468 patri
785 3384 878 3449 meo'.
930 3383 1077 3468 Pompeii
1106 3383 1225 3449 Comm.
1255 3404 1284 3466 p¹
1308 3383 1378 3464 240,
1406 3385 1446 3446 23
1477 3377 1577 3447 ‘cette

383 3498 467 3582 patri
489 3493 571 3560 meo'
594 3493 693 3559 habes
717 3495 814 3559 etium
843 3494 930 3578 apud
952 3493 1114 3574 Plautum,
1137 3492 1169 3557 id
1193 3499 1242 3558 est
1261 3487 1354 3557 ‘date
1376 3491 1461 3574 patri
1484 3481 1577 3556 meo’.

383 3607 511 3672 Phocae
534 3625 586 3670 ars
610 3604 677 3683 (Gr.
700 3604 755 3669 lat.
779 3605 817 3668 K.
842 3602 882 3686 V)
907 3625 937 3688 p.
959 3603 1030 3679 436,
1057 3605 1094 3666 15
1119 3601 1217 3668 cedo
1241 3604 1335 3668 etiam
1359 3601 1481 3666 numeri
1506 3601 1577 3684 plu-

383 3717 461 3782 ralis
483 3715 599 3779 lectum
621 3719 671 3779 'est
693 3711 779 3797 apud
802 3715 950 3778 Plautum
984 3718 1096 3778 cette.
1124 3712 1202 3777 Mar.
1224 3712 1304 3776 Plot.
1332 3709 1461 3777 Sacerd.
1486 3709 1534 3785 (G.
1558 3711 1576 3773 l.

384 3827 423 3890 K.
448 3823 505 3906 Vl)
528 3846 558 3908 p.
581 3823 652 3905 400,
676 3825 715 3888 20
738 3822 831 3889 cedo
855 3823 978 3887 numeri
1000 3822 1136 3903 pluralis
1163 3828 1280 3886 cette:
1312 3821 1361 3886 sic
1392 3820 1524 3886 Plautus
1547 3825 1578 3884 et

385 3934 510 4015 antiqui
534 3932 825 4016 comoediographi.
1274 3935 1275 3938 ’

484 4067 588 4132 XLIV
633 4066 755 4132 Probus
790 4065 913 4131 Cathol.
950 4085 979 4148 p.
1006 4066 1035 4144 8,
1063 4066 1143 4130 3Κ.
1177 4065 1237 4131 boc
1268 4084 1454 4150 praesepe
1486 4062 1577 4128 huius

383 4316 546 4389 frnpmeatio
557 4315 708 4384 adiecerint,
728 4317 840 4386 exposui
855 4334 884 4385 p.
898 4322 941 4372 16.
986 4319 1038 4370 270
1052 4319 1177 4371 murrioa
1195 4317 1226 4370 Ε
1241 4317 1348 4370 dulcem
1369 4314 1400 4368 ia
1414 4316 1467 4382 fine
1485 4330 1578 4369 versas

385 4416 464 4470 addit
488 4417 530 4469 Μ.
562 4413 686 4483 Voiptiuo
711 4415 785 4467 Mus.
814 4413 899 4468 Rhea
921 4413 1065 4467 XXVIII
1077 4431 1105 4482 p.
1125 4418 1167 4468 61.
1204 4415 1253 4480 cfr.
1283 4411 1484 4466 Acharistioua's
1510 4427 1533 4465 c.
1551 4415 1577 4466 2.

385 4529 491 4566 uersum
516 4513 618 4566 Plauto
640 4511 762 4567 reddidit
786 4510 948 4565 Ritscbeliua
969 4511 1065 4578 Opusc.
1090 4511 1144 4564 ΠΙ
1155 4527 1183 4578 p.
1203 4514 1255 4564 177
1273 4525 1311 4576 sq.
1384 4510 1436 4560 272
1455 4508 1487 4562 de
1506 4511 1578 4561 cette

386 4605 514 4659 disseruit
534 4606 697 4660 Bitscbelius
722 4604 758 4658 cd
777 4603 940 4658 Mercatoris
963 4621 987 4657 c.
1005 4607 1065 4658 965.
1153 4605 1204 4656 273
1224 4603 1363 4672 praesepis
1381 4605 1509 4659 Sacerdos
1527 4604 1578 4656 hoc

387 4699 466 4770 (corr.
485 4701 563 4768 haec)
583 4719 728 4770 praesepes
747 4718 823 4754 meua
842 4700 924 4768 (corr.
950 4717 1026 4754 meas
1041 4705 1083 4754 est
1099 4700 1134 4752 B.
1171 4697 1323 4753 ‘Obarisdus
1337 4716 1368 4767 p.
1387 4703 1422 4753 44
1438 4699 1468 4752 iu
1488 4698 1578 4753 cadom
