3592 5348
962 450 1139 502 ..16-

454 642 559 706 neque
581 621 615 686 id
630 619 673 686 ed
686 639 814 686 versum
827 618 1040 704 deperditum,
1064 619 1122 687 sed
1137 619 1179 685 ad
1196 619 1302 686 Aulnl.
1322 640 1351 686 v.
1367 621 1428 686 408
1450 630 1506 690 aut
1533 623 1665 690 Pseud.

453 753 481 797 v.
503 731 564 796 853
587 728 788 794 referendum
818 747 890 794 esse
913 728 1076 813 Sanppiue
1110 729 1209 795 evicit
1236 730 1457 811 (quaestiones
1478 731 1663 798 Plautinae

454 863 484 926 p.
510 840 562 919 10)
573 840 603 918 Ι).
648 838 735 902 Festi
758 859 787 921 p.
810 839 871 902 305
897 835 1121 924 ‘suppremum
1145 858 1171 903 e.
1194 859 1224 921 q.
1246 858 1271 905 s.
1313 839 1490 906 Plautus..
1508 889 1539 906 ..
1562 862 1661 908 mum

435 949 595 1030 ,habuisti
618 968 653 1014 se
756 947 847 1029 tuia’,
888 967 906 1012 e
935 949 1051 1029 quihus
1074 947 1205 1014 Bothius
1227 948 1343 1014 Vrsino
1367 956 1541 1032 praeeunte
1563 949 1661 1016 hune

452 1079 579 1124 versum
602 1057 779 1124 construxit
801 1051 903 1122 ‘certe
927 1077 977 1122 me
994 1076 1173 1140 supremum
1197 1055 1340 1122 habuisti
1360 1077 1487 1140 semper
1503 1059 1535 1123 in
1551 1059 1658 1124 rebus

452 1167 530 1234 tuis’
552 1166 806 1251 fragmentisque
828 1164 950 1232 adiecit
969 1169 1011 1240 (n.
1031 1166 1095 1246 37),
1118 1166 1290 1232 Decerium
1316 1172 1402 1232 recte
1427 1168 1589 1234 rettulisse
1604 1169 1656 1234 ad

452 1277 568 1343 Pseud.
590 1297 619 1340 v.
645 1277 683 1340 16
700 1268 791 1340 ‘nam
814 1281 849 1340 tu
870 1294 919 1340 me
942 1273 1095 1341 antidhao
1117 1274 1308 1360 Supremum
1332 1274 1475 1342 habuisti
1498 1277 1654 1344 comitem

453 1387 598 1454 consiliis
621 1377 705 1478 tuis'x
726 1405 817 1450 nemo
841 1384 973 1468 negabit
981 1385 1016 1465 2).
1050 1403 1155 1466 neque
1171 1386 1276 1451 minus
1293 1384 1501 1468 probabiliter
1518 1386 1652 1453 ePauli

451 1496 560 1562 verbis
582 1517 611 1579 p.
635 1497 673 1560 61
698 1495 745 1575 (B.
768 1516 797 1559 n.
821 1495 873 1572 73)
897 1476 1155 1560 ‘concretionem
1180 1494 1313 1561 Plautus
1335 1514 1392 1578 pro
1415 1494 1652 1561 consuetudine

452 1605 575 1686 dfxiut
599 1604 756 1688 Amphitr.
781 1623 809 1667 v.
832 1603 894 1668 490
926 1610 958 1668 et
978 1623 996 1670 e
1019 1603 1108 1669 Pesti
1135 1624 1165 1687 p.
1192 1605 1247 1668 181
1284 1596 1488 1670 ‘occidamus
1511 1604 1650 1670 Plautus
1741 1619 1742 1676 t

450 1717 543 1800 ponit
571 1735 629 1799 pro
661 1719 772 1779 contra
801 1711 1000 1792 cedamus4)’
1027 1712 1143 1778 Pseud.
1167 1733 1195 1778 v.
1218 1714 1280 1777 250
1302 1732 1322 1778 a
1343 1713 1422 1778 viris
1456 1713 1559 1780 doctis
1595 1733 1648 1779 sa-

451 1827 516 1890 nati
532 1832 613 1892 eunt.
637 1822 763 1889 aceedit
782 1821 969 1904 fragmentis
986 1820 1079 1886 Pauli
1103 1841 1132 1904 p.
1146 1823 1186 1886 62
1206 1820 1425 1906 ‘conruspara
1448 1824 1648 1904 conquirere.
1741 1819 1742 1842 ’

451 1933 598 1999 Plautus:
641 1950 837 2015 conruspare
870 1937 925 1996 tua
958 1931 1095 1996 consilia
1129 1930 1162 1996 in
1194 1931 1348 2014 pectore’,
1388 1951 1481 2013 quem
1517 1951 1645 1996 versum
1741 1949 1742 1990 ι

451 2041 600 2108 Bothium
627 2040 776 2106 omisisse
799 2041 863 2104 iam
886 2039 1058 2105 Muellerus
1081 2038 1256 2106 adnotavit.
1310 2041 1403 2106 Pauli
1433 2061 1463 2123 p.
1487 2041 1506 2104 8
1527 2038 1647 2122 ‘angor

451 2173 478 2217 e.
498 2171 528 2234 q.
546 2172 571 2215 s.
607 2150 753 2215 Plautus:
775 2150 891 2214 vellem
912 2169 962 2216 me
986 2149 1019 2213 in
1041 2148 1298 2232 anginamverti,
1322 2149 1476 2232 quohuic
1496 2150 1645 2216 aniculae
1741 2217 1742 2220 ,

452 2262 562 2326 fauces
586 2259 868 2344 praeoccuparem’
899 2258 1085 2341 fragmentis
1107 2258 1312 2324 adiciendum
1336 2279 1407 2324 esse
1442 2259 1525 2324 infra
1546 2279 1641 2342 expo·

451 2390 533 2452 nam,
557 2390 629 2435 cum
649 2369 690 2434 de
711 2368 813 2434 Servii
837 2369 917 2435 locis
939 2367 1099 2434 Plautinis
1122 2368 1286 2434 disseram.
1630 2378 1635 2386 ·

550 2477 716 2544 Diomedis
743 2498 773 2562 p.
790 2478 867 2560 365,
900 2471 1081 2544 5‘decollo
1110 2476 1280 2554 decollavi,
1318 2475 1377 2544 hoc
1398 2478 1530 2544 verbum
1555 2477 1641 2561 apud
1678 2544 1681 2557 ,

450 2595 572 2654 veteres
595 2586 722 2670 decipio
745 2586 915 2669 significat,
949 2594 984 2652 ut
1005 2585 1091 2670 apud
1107 2585 1269 2651 Plautum:
1302 2606 1365 2652 una
1387 2594 1435 2652 cst
1455 2585 1639 2652 decollavit'

450 2698 500 2778 (B.
523 2717 553 2762 n.
577 2698 631 2778 52)
655 2696 852 2778 intellegitur
885 2696 1093 2778 neglegenter
1114 2700 1278 2762 contracta
1299 2715 1370 2762 esse
1393 2715 1410 2761 e
1433 2695 1640 2780 Captivorum

450 2808 596 2873 versibus
617 2807 679 2871 496
700 2813 733 2871 et
754 2807 815 2870 497
841 2799 907 2870 ‘eat
929 2805 997 2870 illie
1020 2805 1062 2869 mi
1086 2824 1240 2887 unafspes
1256 2805 1410 2881 cenatica,
1434 2805 1469 2871 Si
1486 2826 1525 2871 ea
1547 2805 1640 2872 deco-

450 2899 538 2996 labit,
572 2914 683 2981 redibo
716 2914 776 2978 huo
809 2913 852 2980 ad
886 2933 992 2978 senem
1026 2913 1069 2978 ad
1102 2934 1213 2980 cenam
1243 2903 1415 2998 asperam'.
1463 2934 1574 2980 versus
1598 2915 1640 2980 ib.

449 3047 479 3108 p.
502 3026 573 3106 345,
595 3027 615 3090 6
638 3030 782 3089 enotatos
813 3016 922 3088 ‘hiare
951 3031 983 3088 ct
1006 3022 1126 3090 hietare
1152 3031 1276 3090 veteres
1300 3023 1458 3104 dixerunt,
1492 3023 1642 3089 Plautus:

449 3135 543 3216 siqua
567 3135 649 3200 forte
671 3134 851 3214 conticeat,
874 3133 929 3198 ubi
944 3153 1016 3198 eum
1033 3132 1156 3201 hietare
1175 3134 1315 3200 nondum
1330 3133 1362 3198 in
1379 3139 1515 3199 mentem
1538 3122 1641 3196 venit'

449 3249 482 3308 ut
504 3263 522 3308 e
545 3243 793 3326 fragmentorum
827 3240 939 3308 ordine
970 3243 1089 3308 eiceret
1112 3243 1244 3309 Bothins
1277 3242 1416 3308 editione
1442 3240 1641 3308 Petschiana

448 3359 622 3417 commotus
646 3357 703 3430 est,
735 3352 790 3416 ubi
812 3343 975 3418 ‘Plautus'
1010 3352 1163 3418 omissum
1197 3360 1275 3416 erat.
1328 3371 1407 3433 quos
1437 3370 1547 3416 versus
1568 3371 1639 3415 cunr

448 3460 609 3546 prioribus
632 3460 808 3526 editoribus
830 3460 1018 3544 fragmentis
1041 3461 1191 3527 attribuo.
1227 3479 1331 3542 neque
1354 3460 1438 3526 enim
1452 3461 1553 3526 Keilii
1568 3480 1639 3526 sen-

447 3571 567 3637 tentiae
589 3569 763 3649 adsentior,
787 3589 841 3634 eoa
865 3570 1026 3634 intercisis
1049 3571 1195 3636 versibus
1218 3567 1413 3634 Menaechm.
1436 3569 1494 3650 111,
1525 3572 1550 3650 l,
1573 3571 1641 3636 Set

447 3682 536 3745 lauf
550 3698 591 3744 ex
608 3679 720 3744 eadem
736 3675 1014 3744 Menaechmorum
1037 3698 1155 3745 scaena
1177 3678 1209 3744 in
1234 3678 1398 3744 codicibus
1421 3678 1530 3744 Plauti
1552 3680 1639 3744 lacu-

447 3807 527 3854 nosa
542 3795 597 3854 aut
612 3807 652 3853 ex
668 3789 731 3854 alio
755 3794 851 3871 poeta
874 3786 993 3870 petitos
1016 3807 1096 3854 esse.
1131 3789 1216 3854 illius
1239 3807 1375 3853 scaenae
1400 3789 1493 3871 pauci
1516 3794 1638 3854 tantum
1741 3827 1742 3832 κ

447 3915 557 3962 versus
579 3897 724 3963 lacunosi
748 3904 821 3963 sunt
843 3915 945 3980 neque
968 3897 1128 3963 sententia
1144 3895 1194 3962 his
1210 3897 1356 3964 versibus
1377 3915 1532 3981 expressa
1553 3896 1639 3962 desi-

447 4003 584 4069 deratur.
618 4006 735 4072 deinde
755 4007 853 4072 verba
875 4027 895 4071 a
917 4005 1076 4072 Diomede
1098 4005 1209 4072 adlata
1226 4006 1381 4073 iambicos
1396 4025 1545 4071 numeros
1568 4026 1640 4089 pro·
1741 4005 1742 4010 ’

446 4113 534 4190 dunt,
567 4111 844 4180 Menaechmorum
880 4114 938 4178 illa
959 4134 1077 4180 scaena
1104 4113 1273 4181 trochaicis
1297 4115 1437 4179 numeris
1461 4115 1639 4198 composita

551 4339 574 4410 l)
595 4337 651 4392 cfr.
672 4337 818 4392 Ritschelii
836 4345 864 4394 et
883 4340 1010 4395 Lorenzii
1029 4340 1222 4396 adnotationes
1241 4339 1276 4394 ad
1294 4341 1392 4394 Pseud.
1413 4358 1438 4394 v.
1459 4341 1519 4392 853.

545 4437 573 4506 2)
592 4434 760 4504 Leidolphns
779 4435 796 4488 l.
817 4453 841 4490 a.
860 4453 887 4505 p.
907 4439 959 4489 234
978 4437 1080 4491 conicit
1098 4435 1236 4490 ‘socium'.

545 4538 572 4600 3)
592 4533 648 4588 cfr.
668 4531 813 4602 Leidolph.
834 4534 850 4586 l.
872 4552 895 4588 a.
915 4553 942 4604 p.
962 4536 1022 4588 236.

474 4617 476 4622 ’
544 4629 572 4700 4)
595 4630 651 4684 Cfr.
669 4629 814 4699 Leidolph.
833 4631 851 4684 l.
871 4650 895 4684 a.
914 4649 941 4700 p.
960 4634 1022 4686 240.

1588 4311 1602 4352 k
