3578 5336
897 486 930 496 ..
966 456 1003 512 2⁶
1040 487 1073 498 ..

965 601 1007 692 ur

458 737 494 800 15
538 735 681 803 Terebra
703 744 737 803 tu
760 736 890 821 quidem
914 737 1080 822 potiundis

538 973 625 1040 Dore
650 973 785 1058 pedibus
810 863 1062 1057 protinauIlsIese
1083 975 1126 1041 ab
1148 973 1198 1042 his
1220 975 1415 1058 regionibus.

891 1169 1081 1238 BAOARIA

536 1294 616 1372 Quis
639 1297 688 1361 est
707 1296 942 1388 Qffim
964 1297 1050 1362 bona
1072 1295 1198 1361 lontrina
1219 1295 1364 1361 adfectus
1386 1295 1546 1378 umquam,

537 1403 640 1484 Quam
663 1424 723 1490 ego
743 1406 827 1472 nunc
848 1426 928 1485 sum,
955 1405 1071 1489 quoius
1094 1405 1174 1472 baec
1198 1405 1361 1490 [dapsilis]
1385 1409 1489 1471 ventri
1511 1426 1582 1488 por-

826 1518 922 1579 tatur
943 1513 1070 1606 pdmpa,

313 1843 331 1861 ί,
389 1764 457 1830 das
486 1765 637 1831 frumenti
664 1766 803 1832 furfures
831 1765 942 1831 dicunt
969 1767 1080 1832 rustici
1109 1773 1242 1832 veteres.
1289 1765 1349 1831 hoc
1381 1765 1413 1830 in
1437 1763 1581 1848 antiquis

389 1875 560 1956 invenitur,
583 1895 718 1959 quorum
740 1875 774 1939 in
797 1874 896 1940 dubio
918 1881 966 1940 est
988 1876 1170 1940 auctoritas.
1217 1894 1410 1957 quamquam
1433 1880 1466 1939 ct
1486 1875 1584 1939 Plau·

389 1994 440 2050 tus
464 1985 496 2049 in
518 1985 658 2050 Astraba
688 1984 798 2049 fabula
825 1983 870 2048 ita
898 1983 1026 2063 dixerit,
1055 1983 1145 2049 cuius
1168 1985 1323 2049 Incertum
1345 1989 1394 2048 cst
1416 2005 1456 2048 an
1479 1985 1522 2048 sit
1545 2004 1584 2048 ea

390 2093 569 2160 comoedia:
594 2100 691 2178 atque
721 2093 795 2160 ideo
818 2113 929 2160 versus
952 2092 1082 2159 eosdem
1105 2113 1226 2177 ponere
1240 2092 1489 2179 supersedimus.
1532 2095 1584 2172 (ea

383 2225 447 2286 pro
487 2205 555 2269 eius
594 2224 675 2268 corr.
713 2203 831 2268 Bit-scir.
866 2203 998 2286 Porcrp.
1032 2225 1064 2286 p.
1092 2203 1176 2283 131).
1234 2201 1359 2268 Placidi
1385 2203 1427 2284 gl.
1452 2223 1483 2286 p.
1507 2203 1535 2282 8,
1564 2203 1582 2264 3

391 2315 518 2379 Deueri.
554 2313 745 2379 abludam
772 2314 897 2397 paleam
931 2319 960 2378 ct
989 2315 1083 2396 8,13
1117 2312 1266 2396 apluda
1292 2309 1468 2377 furfuribus
1501 2311 1582 2375 milii

389 2421 587 2506 paunicique.
621 2423 677 2501 cfr.
712 2423 801 2488 Paul.
826 2424 873 2505 10,
897 2424 935 2486 14
961 2422 1002 2488 Μ.
1041 2423 1121 2488 Plio.
1146 2421 1219 2487 Nat.
1244 2420 1326 2487 Hist.
1349 2419 1469 2496 XVIII,
1492 2420 1541 2484 99.

390 2530 435 2595 VI
465 2531 588 2596 Nonius
622 2551 652 2613 p.
675 2533 724 2610 62,
753 2533 793 2594 32
818 2530 859 2594 Μ.
889 2531 1142 2596 exterebrare
1176 2537 1225 2596 est
1257 2531 1290 2594 vi
1325 2528 1583 2612 aliquidextor-

389 2659 486 2722 querc
513 2647 545 2705 et
573 2641 709 2706 scrutari
742 2648 797 2706 aut
831 2640 990 2706 curiosius
1015 2659 1177 2723 quaerore.
1223 2639 1355 2704 Plautus
1389 2637 1422 2702 in
1445 2637 1585 2702 Astraba

390 2771 461 2816 cum
497 2749 531 2816 in
564 2751 723 2816 curiosum
753 2751 925 2850 iocaretur:
958 2751 1150 2817 terebratum
1168 2771 1194 2814 e.
1212 2771 1242 2832 q.
1259 2771 1282 2814 s.
1371 2745 1432 2812 VII
1461 2747 1583 2813 Nonius

391 2881 421 2942 p.
446 2861 517 2943 376,
540 2862 560 2924 3
585 2859 625 2924 Μ.
657 2866 689 2925 et
711 2861 864 2942 quoniam
897 2860 1040 2926 nonnulli
1078 2866 1218 2925 veterum
1247 2879 1304 2942 pro
1332 2877 1371 2923 co
1400 2853 1485 2940 quod
1513 2878 1582 2940 pro·

383 2969 476 3033 tinus
497 2975 546 3034 est
568 2968 766 3051 protinam
790 2971 841 3034 vel
862 2971 1006 3052 proteris
1029 2977 1263 3045 converterunt,
1291 2967 1439 3050 exempla
1469 2966 1509 3030 dc
1532 2963 1583 3030 his

391 3078 575 3144 neccssaria
604 3078 809 3169 decerpenda
837 3085 919 3144 sunt.
963 3075 1114 3144 Afranius
1131 3128 1138 3142 .
1156 3129 1186 3142 ..
1212 3078 1344 3142 Plautus
1375 3075 1408 3141 in
1432 3075 1583 3140 Astrava:

391 3186 469 3253 darc
492 3207 519 3253 e.
542 3208 572 3270 q.
595 3209 620 3252 s.

490 3321 676 3386 anonam
698 3321 879 3388 Macrobius
902 3321 969 3388 Sat.
991 3322 1047 3403 Ill,
1067 3323 1145 3395 lul
1170 3342 1229 3387 nec
1251 3321 1469 3404 acipensor,
1490 3337 1584 3400 quem

393 3433 496 3498 maria
517 3431 662 3518 prodigis
685 3433 838 3512 nutriunt,
861 3430 949 3496 illius
965 3431 1085 3497 sacculi
1102 3431 1233 3496 delicias
1248 3429 1353 3494 evasit
1369 3436 1402 3494 ct
1415 3436 1449 3494 ut
1465 3425 1586 3510 liqueat

391 3539 534 3608 secundo
548 3542 670 3607 Punico
693 3540 778 3606 bello
793 3541 919 3606 celebre
935 3560 1047 3606 nomen
1070 3539 1166 3648 huius
1188 3539 1289 3622 piscis
1309 3537 1420 3614 luisse,
1445 3535 1586 3619 accipito

392 3780 448 3835 cod.
473 3780 526 3834 siet
550 3784 578 3833 ct
597 3778 761 3833 subscudem
787 3772 902 3832 Botirics
927 3778 964 3832 sit
983 3778 1130 3832 subscudes
1149 3775 1321 3831 Ritscbclius.
1362 3777 1393 3828 15
1412 3772 1585 3827 terebratum

392 3877 468 3932 codd.
493 3876 604 3932 terebra
632 3883 662 3932 tu
694 3877 837 3931 Turnebus.
901 3878 932 3929 16
961 3874 990 3928 in
1014 3875 1161 3928 asiravada
1189 3874 1256 3928 darc
1285 3873 1319 3926 H
1345 3872 1373 3926 in
1402 3875 1478 3925 astra
1505 3869 1585 3924 vada.

395 3975 462 4030 darc
482 3975 509 4028 P
545 3973 577 4028 de
590 3975 733 4044 protinam
752 3975 860 4028 occidue
870 3971 1068 4042 ripnificotionc
1076 3975 1125 4039 cfr.
1136 3969 1264 4040 Lonpcni
1281 3968 1421 4038 ‘Bcitrir'pc
1429 3983 1480 4022 sur
1490 3965 1587 4020 Kritr'lo

393 4071 451 4126 arrd
470 4069 632 4139 maturum
649 4069 695 4125 das
715 4066 845 4124 Plautus'
865 4086 895 4138 p.
915 4072 974 4124 164.

492 4191 644 4251 Baccharia
671 4191 746 4246 codd.
776 4193 908 4248 Baccaria
937 4191 1099 4246 Ritscbelirts
1128 4191 1242 4257 Porcrp·
1265 4206 1294 4256 p.
1314 4192 1364 4243 155
1383 4187 1501 4242 Bucaria
1518 4185 1586 4240 idem

394 4295 493 4359 Opusc.
505 4288 560 4342 HI
570 4305 600 4356 p.
615 4292 674 4342 197.
692 4289 762 4344 uode
780 4290 878 4342 titulus
896 4289 1036 4344 dcrr'uctuo
1054 4288 1099 4355 sit,
1118 4287 1190 4342 lutet.
1221 4285 1394 4351 Ritscbclius,
1413 4283 1461 4352 qui
1471 4285 1585 4351 Purcrp.

392 4389 409 4440 t.
429 4405 454 4440 u.
472 4386 583 4452 subulae
610 4391 795 4454 urpunrcntum
824 4403 842 4440 o
870 4385 1029 4440 Bocclrubus
1052 4382 1112 4453 peti
1128 4384 1248 4452 potuisse
1276 4387 1365 4451 nepot,
1389 4396 1447 4434 eum
1465 4397 1483 4433 a
1501 4379 1585 4447 bucin,

395 4484 519 4540 Loewim
538 4482 680 4538 Prodrom.
699 4499 726 4549 p.
745 4485 801 4536 292
820 4482 910 4535 miuus
928 4480 1106 4552 probabiliter
1124 4497 1141 4534 u
1159 4475 1278 4534 ‘baccar’
1301 4479 1329 4545 (t.
1348 4496 1368 4533 e.
1387 4493 1436 4534 uos
1450 4475 1586 4531 uicarium

392 4581 479 4637 simila
495 4580 630 4647 bacrioni)
648 4578 764 4632 deducit.
801 4579 934 4634 Vaccaria
951 4577 1128 4643 Bucclrclcrus
1146 4577 1207 4630 dub.
1226 4580 1257 4630 17
1277 4579 1356 4630 tauta
1376 4573 1491 4628 fortuna
1508 4571 1584 4626 codd.

394 4684 451 4736 tam
466 4677 539 4731 bona
557 4677 671 4732 fortuna
684 4675 751 4730 cont.
762 4675 923 4730 Rr'tsclrcb‘us
936 4673 1033 4744 Opuuc.
1044 4673 1122 4743 HIp
1142 4677 1201 4728 197.
1258 4675 1291 4726 18
1306 4670 1384 4726 cuius
1402 4669 1475 4726 codd.
1487 4668 1586 4738 quoius
