<?xml version="1.0" encoding="UTF-8"?>
<!DOCTYPE html PUBLIC "-//W3C//DTD XHTML 1.0 Transitional//EN"
    "http://www.w3.org/TR/xhtml1/DTD/xhtml1-transitional.dtd">
<html xmlns="http://www.w3.org/1999/xhtml" xml:lang="en" lang="en">
 <head>
  <title>
</title>
<meta http-equiv="Content-Type" content="text/html;charset=utf-8" />
  <meta name='ocr-system' content='tesseract 3.04.00' />
  <meta name='ocr-capabilities' content='ocr_page ocr_carea ocr_par ocr_line ocrx_word'/>
</head>
<body>
  <div class='ocr_page' id='page_1' title='image "./plautifabularum01plaugoog_0091.png"; bbox 0 0 3578 5338; ppageno 0'>
   <div class='ocr_carea' id='block_1_1' title="bbox 877 1109 1151 1192">
    <p class='ocr_par' dir='ltr' id='par_1_1' title="bbox 877 1109 1151 1192">
     <span class='ocr_line' id='line_1_1' title="bbox 877 1109 1151 1192; baseline 0.011 -5"><span class='ocrx_word' id='word_1_1' title='bbox 877 1109 1151 1192; x_wconf 84' lang='lat' dir='ltr'>FXCVRSVS</span> 
     </span>
    </p>
   </div>
   <div class='ocr_carea' id='block_1_2' title="bbox 414 1307 1619 1618">
    <p class='ocr_par' dir='ltr' id='par_1_2' title="bbox 414 1307 1619 1618">
     <span class='ocr_line' id='line_1_2' title="bbox 515 1307 1619 1396; baseline 0.005 -21"><span class='ocrx_word' id='word_1_2' title='bbox 515 1307 724 1378; x_wconf 81' lang='lat' dir='ltr'>Neruolariae</span> <span class='ocrx_word' id='word_1_3' title='bbox 739 1313 928 1396; x_wconf 78' lang='lat' dir='ltr'><strong>fragmentis</strong></span> <span class='ocrx_word' id='word_1_4' title='bbox 941 1334 967 1380; x_wconf 85' lang='lat' dir='ltr'>s.</span> <span class='ocrx_word' id='word_1_5' title='bbox 978 1335 1008 1378; x_wconf 93' lang='lat' dir='ltr'>n.</span> <span class='ocrx_word' id='word_1_6' title='bbox 1021 1313 1099 1379; x_wconf 92' lang='lat' dir='ltr'>VlIl</span> <span class='ocrx_word' id='word_1_7' title='bbox 1111 1320 1143 1378; x_wconf 92' lang='lat' dir='ltr'>et</span> <span class='ocrx_word' id='word_1_8' title='bbox 1155 1313 1203 1380; x_wconf 88' lang='lat' dir='ltr'>lX</span> <span class='ocrx_word' id='word_1_9' title='bbox 1216 1313 1297 1379; x_wconf 91' lang='lat' dir='ltr'>duos</span> <span class='ocrx_word' id='word_1_10' title='bbox 1313 1333 1426 1379; x_wconf 87' lang='lat' dir='ltr'>versus</span> <span class='ocrx_word' id='word_1_11' title='bbox 1440 1316 1560 1381; x_wconf 89' lang='lat' dir='ltr'>inserui</span> <span class='ocrx_word' id='word_1_12' title='bbox 1577 1318 1619 1381; x_wconf 92' lang='lat' dir='ltr'>in</span> 
     </span>
     <span class='ocr_line' id='line_1_3' title="bbox 414 1419 1616 1528; baseline 0.004 -43"><span class='ocrx_word' id='word_1_13' title='bbox 414 1419 503 1488; x_wconf 83' lang='lat' dir='ltr'>Festi</span> <span class='ocrx_word' id='word_1_14' title='bbox 537 1421 614 1506; x_wconf 90' lang='lat' dir='ltr'>epit.</span> <span class='ocrx_word' id='word_1_15' title='bbox 648 1443 679 1508; x_wconf 91' lang='lat' dir='ltr'>p.</span> <span class='ocrx_word' id='word_1_16' title='bbox 708 1423 839 1505; x_wconf 87' lang='grc'><strong>169,11</strong></span> <span class='ocrx_word' id='word_1_17' title='bbox 869 1424 1058 1502; x_wconf 81' lang='lat' dir='ltr'>et197,20</span> <span class='ocrx_word' id='word_1_18' title='bbox 1091 1443 1109 1488; x_wconf 93' lang='lat' dir='ltr'>e</span> <span class='ocrx_word' id='word_1_19' title='bbox 1142 1421 1330 1528; x_wconf 81' lang='lat' dir='ltr'>Neruolaria</span> <span class='ocrx_word' id='word_1_20' title='bbox 1363 1425 1515 1508; x_wconf 86' lang='lat' dir='ltr'>prolatos,</span> <span class='ocrx_word' id='word_1_21' title='bbox 1553 1429 1616 1508; x_wconf 86' lang='lat' dir='ltr'>qni</span> 
     </span>
     <span class='ocr_line' id='line_1_4' title="bbox 414 1529 1615 1618; baseline 0.003 -24"><span class='ocrx_word' id='word_1_22' title='bbox 414 1529 513 1595; x_wconf 89' lang='lat' dir='ltr'>iidem</span> <span class='ocrx_word' id='word_1_23' title='bbox 537 1533 570 1596; x_wconf 91' lang='lat' dir='ltr'>in</span> <span class='ocrx_word' id='word_1_24' title='bbox 582 1530 692 1598; x_wconf 90' lang='lat' dir='ltr'>Sticho</span> <span class='ocrx_word' id='word_1_25' title='bbox 715 1531 825 1597; x_wconf 87' lang='lat' dir='ltr'>fabula</span> <span class='ocrx_word' id='word_1_26' title='bbox 847 1539 977 1598; x_wconf 88' lang='lat' dir='ltr'>exstant</span> <span class='ocrx_word' id='word_1_27' title='bbox 998 1553 1028 1598; x_wconf 84' lang='lat' dir='ltr'>v.</span> <span class='ocrx_word' id='word_1_28' title='bbox 1050 1533 1112 1598; x_wconf 83' lang='lat'>352</span> <span class='ocrx_word' id='word_1_29' title='bbox 1135 1539 1167 1598; x_wconf 89' lang='lat' dir='ltr'>et</span> <span class='ocrx_word' id='word_1_30' title='bbox 1190 1534 1242 1608; x_wconf 86' lang='lat'>91,</span> <span class='ocrx_word' id='word_1_31' title='bbox 1265 1533 1448 1618; x_wconf 83' lang='lat' dir='ltr'>improbata</span> <span class='ocrx_word' id='word_1_32' title='bbox 1468 1536 1615 1600; x_wconf 89' lang='lat' dir='ltr'>virorum</span> 
     </span>
    </p>
   </div>
   <div class='ocr_carea' id='block_1_3' title="bbox 404 1640 1615 3472">
    <p class='ocr_par' dir='ltr' id='par_1_3' title="bbox 404 1640 1615 3472">
     <span class='ocr_line' id='line_1_5' title="bbox 413 1640 1615 1726; baseline 0.002 -20"><span class='ocrx_word' id='word_1_33' title='bbox 413 1640 579 1714; x_wconf 88' lang='lat' dir='ltr'>doctorum</span> <span class='ocrx_word' id='word_1_34' title='bbox 602 1644 769 1723; x_wconf 87' lang='lat' dir='ltr'>sententia,</span> <span class='ocrx_word' id='word_1_35' title='bbox 803 1643 859 1724; x_wconf 86' lang='lat' dir='ltr'>qui</span> <span class='ocrx_word' id='word_1_36' title='bbox 893 1662 1005 1708; x_wconf 90' lang='lat' dir='ltr'>omnes</span> <span class='ocrx_word' id='word_1_37' title='bbox 1026 1648 1156 1726; x_wconf 88' lang='lat' dir='ltr'>praeter</span> <span class='ocrx_word' id='word_1_38' title='bbox 1186 1662 1282 1707; x_wconf 91' lang='lat' dir='ltr'>unum</span> <span class='ocrx_word' id='word_1_39' title='bbox 1309 1641 1480 1725; x_wconf 83' lang='lat' dir='ltr'>Berghinm</span> <span class='ocrx_word' id='word_1_40' title='bbox 1505 1643 1615 1726; x_wconf 84' lang='lat' dir='ltr'>magis</span> 
     </span>
     <span class='ocr_line' id='line_1_6' title="bbox 412 1750 1615 1836; baseline 0.002 -22"><span class='ocrx_word' id='word_1_41' title='bbox 412 1758 614 1817; x_wconf 79' lang='lat' dir='ltr'><strong>removentes</strong></span> <span class='ocrx_word' id='word_1_42' title='bbox 637 1750 875 1833; x_wconf 80' lang='lat' dir='ltr'>discrepantias</span> <span class='ocrx_word' id='word_1_43' title='bbox 899 1773 994 1835; x_wconf 90' lang='lat' dir='ltr'>quam</span> <span class='ocrx_word' id='word_1_44' title='bbox 1016 1751 1227 1836; x_wconf 72' lang='lat' dir='ltr'>expedientes</span> <span class='ocrx_word' id='word_1_45' title='bbox 1255 1752 1344 1817; x_wconf 82' lang='lat' dir='ltr'>Festi</span> <span class='ocrx_word' id='word_1_46' title='bbox 1371 1759 1541 1835; x_wconf 91' lang='lat' dir='ltr'>utrumqne</span> <span class='ocrx_word' id='word_1_47' title='bbox 1561 1753 1615 1816; x_wconf 93' lang='lat' dir='ltr'>lo·</span> 
     </span>
     <span class='ocr_line' id='line_1_7' title="bbox 411 1860 1614 1943; baseline 0.002 -19"><span class='ocrx_word' id='word_1_48' title='bbox 411 1879 482 1926; x_wconf 88' lang='lat' dir='ltr'>cum</span> <span class='ocrx_word' id='word_1_49' title='bbox 501 1865 686 1943; x_wconf 88' lang='lat' dir='ltr'>corruptum</span> <span class='ocrx_word' id='word_1_50' title='bbox 708 1879 782 1926; x_wconf 85' lang='lat' dir='ltr'>esse</span> <span class='ocrx_word' id='word_1_51' title='bbox 793 1869 825 1926; x_wconf 88' lang='lat' dir='ltr'>et</span> <span class='ocrx_word' id='word_1_52' title='bbox 840 1867 897 1926; x_wconf 91' lang='lat' dir='ltr'>aut</span> <span class='ocrx_word' id='word_1_53' title='bbox 918 1861 1050 1926; x_wconf 84' lang='lat' dir='ltr'>Festum</span> <span class='ocrx_word' id='word_1_54' title='bbox 1066 1860 1101 1926; x_wconf 90' lang='lat' dir='ltr'>in</span> <span class='ocrx_word' id='word_1_55' title='bbox 1119 1861 1223 1927; x_wconf 87' lang='lat' dir='ltr'>titulis</span> <span class='ocrx_word' id='word_1_56' title='bbox 1237 1860 1460 1926; x_wconf 86' lang='lat' dir='ltr'>adscribendis</span> <span class='ocrx_word' id='word_1_57' title='bbox 1482 1881 1614 1926; x_wconf 90' lang='lat' dir='ltr'>errasse</span> 
     </span>
     <span class='ocr_line' id='line_1_8' title="bbox 410 1968 1612 2053; baseline 0.002 -19"><span class='ocrx_word' id='word_1_58' title='bbox 410 1975 466 2034; x_wconf 86' lang='lat' dir='ltr'>aut</span> <span class='ocrx_word' id='word_1_59' title='bbox 486 1968 695 2034; x_wconf 85' lang='lat' dir='ltr'>Neruolariac</span> <span class='ocrx_word' id='word_1_60' title='bbox 717 1988 828 2034; x_wconf 91' lang='lat' dir='ltr'>versus</span> <span class='ocrx_word' id='word_1_61' title='bbox 848 1969 1006 2053; x_wconf 87' lang='lat' dir='ltr'>quosdam</span> <span class='ocrx_word' id='word_1_62' title='bbox 1027 1977 1059 2036; x_wconf 94' lang='lat' dir='ltr'>et</span> <span class='ocrx_word' id='word_1_63' title='bbox 1071 1969 1175 2036; x_wconf 79' lang='lat' dir='ltr'>Stichi</span> <span class='ocrx_word' id='word_1_64' title='bbox 1188 1970 1315 2036; x_wconf 91' lang='lat' dir='ltr'>titulum</span> <span class='ocrx_word' id='word_1_65' title='bbox 1329 1978 1405 2036; x_wconf 89' lang='lat' dir='ltr'>ante</span> <span class='ocrx_word' id='word_1_66' title='bbox 1423 1990 1612 2036; x_wconf 86' lang='lat' dir='ltr'>versusme-</span> 
     </span>
     <span class='ocr_line' id='line_1_9' title="bbox 410 2077 1610 2162; baseline 0.001 -21"><span class='ocrx_word' id='word_1_67' title='bbox 410 2084 550 2142; x_wconf 87' lang='lat' dir='ltr'>moratos</span> <span class='ocrx_word' id='word_1_68' title='bbox 562 2077 793 2157; x_wconf 72' lang='lat' dir='ltr'>intercidisse)</span> <span class='ocrx_word' id='word_1_69' title='bbox 805 2085 1007 2144; x_wconf 83' lang='lat' dir='ltr'>censuerunt.</span> <span class='ocrx_word' id='word_1_70' title='bbox 1023 2098 1156 2160; x_wconf 86' lang='lat' dir='ltr'>quarum</span> <span class='ocrx_word' id='word_1_71' title='bbox 1170 2078 1303 2146; x_wconf 89' lang='lat' dir='ltr'>alteram</span> <span class='ocrx_word' id='word_1_72' title='bbox 1315 2080 1505 2145; x_wconf 88' lang='lat' dir='ltr'>sententiam</span> <span class='ocrx_word' id='word_1_73' title='bbox 1518 2098 1610 2162; x_wconf 92' lang='lat' dir='ltr'>pror-</span> 
     </span>
     <span class='ocr_line' id='line_1_10' title="bbox 409 2183 1610 2272; baseline 0.002 -23"><span class='ocrx_word' id='word_1_74' title='bbox 409 2204 464 2250; x_wconf 90' lang='lat' dir='ltr'>sus</span> <span class='ocrx_word' id='word_1_75' title='bbox 480 2183 683 2252; x_wconf 85' lang='lat' dir='ltr'>abiciendam</span> <span class='ocrx_word' id='word_1_76' title='bbox 699 2206 769 2252; x_wconf 90' lang='lat' dir='ltr'>esse</span> <span class='ocrx_word' id='word_1_77' title='bbox 784 2207 883 2270; x_wconf 89' lang='lat' dir='ltr'>supra</span> <span class='ocrx_word' id='word_1_78' title='bbox 898 2187 1033 2271; x_wconf 85' lang='lat' dir='ltr'>exposui</span> <span class='ocrx_word' id='word_1_79' title='bbox 1050 2208 1080 2272; x_wconf 94' lang='lat' dir='ltr'>p.</span> <span class='ocrx_word' id='word_1_80' title='bbox 1095 2191 1125 2254; x_wconf 88' lang='grc'>6.</span> <span class='ocrx_word' id='word_1_81' title='bbox 1159 2191 1261 2255; x_wconf 87' lang='lat' dir='ltr'>altera</span> <span class='ocrx_word' id='word_1_82' title='bbox 1276 2188 1390 2254; x_wconf 89' lang='lat' dir='ltr'>iisdem</span> <span class='ocrx_word' id='word_1_83' title='bbox 1409 2187 1516 2253; x_wconf 90' lang='lat' dir='ltr'>causis</span> <span class='ocrx_word' id='word_1_84' title='bbox 1531 2205 1610 2270; x_wconf 91' lang='lat' dir='ltr'>pro-</span> 
     </span>
     <span class='ocr_line' id='line_1_11' title="bbox 408 2291 1608 2382; baseline 0.003 -25"><span class='ocrx_word' id='word_1_85' title='bbox 408 2291 546 2377; x_wconf 83' lang='lat' dir='ltr'>fligatur.</span> <span class='ocrx_word' id='word_1_86' title='bbox 599 2315 702 2378; x_wconf 82' lang='lat' dir='ltr'>neque</span> <span class='ocrx_word' id='word_1_87' title='bbox 740 2299 844 2380; x_wconf 80' lang='lat' dir='ltr'>magis</span> <span class='ocrx_word' id='word_1_88' title='bbox 876 2297 998 2364; x_wconf 82' lang='lat' dir='ltr'>arridet</span> <span class='ocrx_word' id='word_1_89' title='bbox 1026 2297 1159 2382; x_wconf 81' lang='lat' dir='ltr'>Berglxii</span> <span class='ocrx_word' id='word_1_90' title='bbox 1187 2299 1355 2376; x_wconf 90' lang='lat' dir='ltr'>sententia,</span> <span class='ocrx_word' id='word_1_91' title='bbox 1395 2299 1449 2379; x_wconf 92' lang='lat' dir='ltr'>qui</span> <span class='ocrx_word' id='word_1_92' title='bbox 1480 2297 1570 2380; x_wconf 93' lang='lat' dir='ltr'>ponit</span> <span class='ocrx_word' id='word_1_93' title='bbox 1578 2294 1608 2376; x_wconf 78' lang='lat'>²)</span> 
     </span>
     <span class='ocr_line' id='line_1_12' title="bbox 408 2402 1606 2490; baseline 0.001 -24"><span class='ocrx_word' id='word_1_94' title='bbox 408 2423 535 2470; x_wconf 89' lang='lat' dir='ltr'>versum</span> <span class='ocrx_word' id='word_1_95' title='bbox 556 2402 683 2488; x_wconf 89' lang='lat' dir='ltr'>‘ecquis</span> <span class='ocrx_word' id='word_1_96' title='bbox 705 2404 767 2471; x_wconf 94' lang='lat' dir='ltr'>hnc</span> <span class='ocrx_word' id='word_1_97' title='bbox 790 2405 884 2472; x_wconf 81' lang='lat' dir='ltr'>effert</span> <span class='ocrx_word' id='word_1_98' title='bbox 906 2407 1117 2472; x_wconf 83' lang='lat' dir='ltr'>nassiternam</span> <span class='ocrx_word' id='word_1_99' title='bbox 1143 2427 1214 2474; x_wconf 92' lang='lat' dir='ltr'>cum</span> <span class='ocrx_word' id='word_1_100' title='bbox 1236 2427 1322 2490; x_wconf 88' lang='lat' dir='ltr'>aqua</span> <span class='ocrx_word' id='word_1_101' title='bbox 1345 2407 1414 2472; x_wconf 91' lang='lat' dir='ltr'>sine</span> <span class='ocrx_word' id='word_1_102' title='bbox 1436 2403 1606 2488; x_wconf 77' lang='lat' dir='ltr'>suffragio‘</span> 
     </span>
     <span class='ocr_line' id='line_1_13' title="bbox 407 2513 1607 2600; baseline -0.001 -22"><span class='ocrx_word' id='word_1_103' title='bbox 407 2521 464 2578; x_wconf 90' lang='lat' dir='ltr'>aut</span> <span class='ocrx_word' id='word_1_104' title='bbox 486 2514 598 2580; x_wconf 86' lang='lat' dir='ltr'>saltem</span> <span class='ocrx_word' id='word_1_105' title='bbox 622 2535 706 2598; x_wconf 91' lang='lat' dir='ltr'>qnae</span> <span class='ocrx_word' id='word_1_106' title='bbox 726 2535 900 2600; x_wconf 82' lang='lat' dir='ltr'>expressae</span> <span class='ocrx_word' id='word_1_107' title='bbox 922 2523 997 2582; x_wconf 89' lang='lat' dir='ltr'>sunt</span> <span class='ocrx_word' id='word_1_108' title='bbox 1025 2515 1086 2583; x_wconf 91' lang='lat' dir='ltr'>hoe</span> <span class='ocrx_word' id='word_1_109' title='bbox 1106 2537 1201 2584; x_wconf 85' lang='lat' dir='ltr'>versu</span> <span class='ocrx_word' id='word_1_110' title='bbox 1227 2517 1362 2582; x_wconf 84' lang='lat' dir='ltr'>facetias</span> <span class='ocrx_word' id='word_1_111' title='bbox 1384 2515 1471 2582; x_wconf 90' lang='lat' dir='ltr'>etin</span> <span class='ocrx_word' id='word_1_112' title='bbox 1492 2513 1607 2580; x_wconf 88' lang='lat' dir='ltr'>Sticho</span> 
     </span>
     <span class='ocr_line' id='line_1_14' title="bbox 407 2623 1605 2710; baseline -0.001 -22"><span class='ocrx_word' id='word_1_113' title='bbox 407 2633 439 2688; x_wconf 87' lang='lat' dir='ltr'>et</span> <span class='ocrx_word' id='word_1_114' title='bbox 460 2624 491 2689; x_wconf 94' lang='lat' dir='ltr'>in</span> <span class='ocrx_word' id='word_1_115' title='bbox 504 2623 694 2690; x_wconf 86' lang='lat' dir='ltr'>Nervularia</span> <span class='ocrx_word' id='word_1_116' title='bbox 715 2627 889 2692; x_wconf 85' lang='lat' dir='ltr'>exstitisse.</span> <span class='ocrx_word' id='word_1_117' title='bbox 916 2632 950 2692; x_wconf 90' lang='lat' dir='ltr'>ut</span> <span class='ocrx_word' id='word_1_118' title='bbox 972 2635 1098 2694; x_wconf 87' lang='lat' dir='ltr'>taceam</span> <span class='ocrx_word' id='word_1_119' title='bbox 1121 2645 1161 2692; x_wconf 90' lang='lat' dir='ltr'>ne</span> <span class='ocrx_word' id='word_1_120' title='bbox 1178 2645 1306 2691; x_wconf 87' lang='lat' dir='ltr'>versum</span> <span class='ocrx_word' id='word_1_121' title='bbox 1321 2628 1425 2710; x_wconf 90' lang='lat' dir='ltr'>ipsum</span> <span class='ocrx_word' id='word_1_122' title='bbox 1446 2625 1497 2690; x_wconf 91' lang='lat' dir='ltr'>bis</span> <span class='ocrx_word' id='word_1_123' title='bbox 1519 2625 1605 2708; x_wconf 91' lang='lat' dir='ltr'>posi-</span> 
     </span>
     <span class='ocr_line' id='line_1_15' title="bbox 406 2732 1604 2818; baseline -0.001 -21"><span class='ocrx_word' id='word_1_124' title='bbox 406 2740 472 2797; x_wconf 91' lang='lat' dir='ltr'>tnm</span> <span class='ocrx_word' id='word_1_125' title='bbox 495 2732 597 2800; x_wconf 86' lang='lat' dir='ltr'>luisse</span> <span class='ocrx_word' id='word_1_126' title='bbox 620 2734 791 2818; x_wconf 92' lang='lat' dir='ltr'>probemus</span> <span class='ocrx_word' id='word_1_127' title='bbox 813 2736 943 2801; x_wconf 88' lang='lat' dir='ltr'>obstare</span> <span class='ocrx_word' id='word_1_128' title='bbox 963 2755 1172 2818; x_wconf 86' lang='lat' dir='ltr'>personarum</span> <span class='ocrx_word' id='word_1_129' title='bbox 1189 2733 1456 2816; x_wconf 86' lang='lat' dir='ltr'>distributionem,</span> <span class='ocrx_word' id='word_1_130' title='bbox 1479 2752 1519 2797; x_wconf 92' lang='lat' dir='ltr'>ne</span> <span class='ocrx_word' id='word_1_131' title='bbox 1533 2752 1604 2798; x_wconf 86' lang='lat' dir='ltr'>rer.</span> 
     </span>
     <span class='ocr_line' id='line_1_16' title="bbox 408 2842 1603 2927; baseline 0.002 -21"><span class='ocrx_word' id='word_1_132' title='bbox 408 2861 463 2908; x_wconf 87' lang='lat' dir='ltr'>sus</span> <span class='ocrx_word' id='word_1_133' title='bbox 487 2842 589 2909; x_wconf 82' lang='lat' dir='ltr'>Stichi</span> <span class='ocrx_word' id='word_1_134' title='bbox 611 2851 644 2910; x_wconf 93' lang='lat' dir='ltr'>et</span> <span class='ocrx_word' id='word_1_135' title='bbox 660 2845 870 2910; x_wconf 84' lang='lat' dir='ltr'>Ncrrolariae</span> <span class='ocrx_word' id='word_1_136' title='bbox 891 2843 1076 2911; x_wconf 88' lang='lat' dir='ltr'>‘sententiis</span> <span class='ocrx_word' id='word_1_137' title='bbox 1097 2844 1205 2927; x_wconf 21' lang='lat' dir='ltr'>,magis</span> <span class='ocrx_word' id='word_1_138' title='bbox 1221 2862 1317 2925; x_wconf 86' lang='lat' dir='ltr'>qnam</span> <span class='ocrx_word' id='word_1_139' title='bbox 1338 2843 1447 2910; x_wconf 88' lang='lat' dir='ltr'>verbis</span> <span class='ocrx_word' id='word_1_140' title='bbox 1469 2861 1603 2924; x_wconf 84' lang='lat' dir='ltr'>congru·</span> 
     </span>
     <span class='ocr_line' id='line_1_17' title="bbox 406 2951 1603 3020; baseline -0.002 -4"><span class='ocrx_word' id='word_1_141' title='bbox 406 2953 512 3018; x_wconf 85' lang='lat' dir='ltr'>entes&#39;</span> <span class='ocrx_word' id='word_1_142' title='bbox 537 2953 689 3019; x_wconf 86' lang='lat' dir='ltr'>confusos</span> <span class='ocrx_word' id='word_1_143' title='bbox 705 2973 777 3020; x_wconf 91' lang='lat' dir='ltr'>esse</span> <span class='ocrx_word' id='word_1_144' title='bbox 793 2963 979 3020; x_wconf 85' lang='lat' dir='ltr'>censeamus</span> <span class='ocrx_word' id='word_1_145' title='bbox 1000 2954 1131 3018; x_wconf 89' lang='lat' dir='ltr'>obstare</span> <span class='ocrx_word' id='word_1_146' title='bbox 1145 2951 1267 3017; x_wconf 90' lang='lat' dir='ltr'>citandi</span> <span class='ocrx_word' id='word_1_147' title='bbox 1289 2952 1445 3018; x_wconf 88' lang='lat' dir='ltr'>rationem</span> <span class='ocrx_word' id='word_1_148' title='bbox 1461 2952 1495 3016; x_wconf 93' lang='lat' dir='ltr'>in</span> <span class='ocrx_word' id='word_1_149' title='bbox 1515 2951 1603 3015; x_wconf 87' lang='lat' dir='ltr'>Festi</span> 
     </span>
     <span class='ocr_line' id='line_1_18' title="bbox 405 3059 1603 3146; baseline -0.003 -21"><span class='ocrx_word' id='word_1_150' title='bbox 405 3061 546 3145; x_wconf 92' lang='lat' dir='ltr'>epitome</span> <span class='ocrx_word' id='word_1_151' title='bbox 560 3061 748 3144; x_wconf 84' lang='lat' dir='ltr'>adhibitam,</span> <span class='ocrx_word' id='word_1_152' title='bbox 765 3059 825 3127; x_wconf 90' lang='lat' dir='ltr'>hac</span> <span class='ocrx_word' id='word_1_153' title='bbox 838 3061 970 3144; x_wconf 82' lang='lat' dir='ltr'>Berglxii</span> <span class='ocrx_word' id='word_1_154' title='bbox 982 3062 1199 3146; x_wconf 87' lang='lat' dir='ltr'>explicatione</span> <span class='ocrx_word' id='word_1_155' title='bbox 1214 3062 1347 3126; x_wconf 90' lang='lat' dir='ltr'>alterius</span> <span class='ocrx_word' id='word_1_156' title='bbox 1358 3067 1480 3126; x_wconf 86' lang='lat' dir='ltr'>tantum</span> <span class='ocrx_word' id='word_1_157' title='bbox 1490 3078 1603 3124; x_wconf 86' lang='lat' dir='ltr'>versus</span> 
     </span>
     <span class='ocr_line' id='line_1_19' title="bbox 405 3169 1602 3255; baseline -0.003 -20"><span class='ocrx_word' id='word_1_158' title='bbox 405 3170 646 3255; x_wconf 86' lang='lat' dir='ltr'>discrepantiae</span> <span class='ocrx_word' id='word_1_159' title='bbox 661 3177 866 3255; x_wconf 83' lang='lat' dir='ltr'>temptantur,</span> <span class='ocrx_word' id='word_1_160' title='bbox 882 3172 1015 3238; x_wconf 90' lang='lat' dir='ltr'>alterins</span> <span class='ocrx_word' id='word_1_161' title='bbox 1030 3173 1253 3254; x_wconf 86' lang='lat' dir='ltr'>relinquuntur</span> <span class='ocrx_word' id='word_1_162' title='bbox 1265 3171 1298 3236; x_wconf 93' lang='lat' dir='ltr'>in</span> <span class='ocrx_word' id='word_1_163' title='bbox 1313 3170 1459 3236; x_wconf 88' lang='lat' dir='ltr'>obscuro.</span> <span class='ocrx_word' id='word_1_164' title='bbox 1479 3169 1602 3235; x_wconf 90' lang='lat' dir='ltr'>Vtrius-</span> 
     </span>
     <span class='ocr_line' id='line_1_20' title="bbox 405 3269 1600 3364; baseline -0.005 -18"><span class='ocrx_word' id='word_1_165' title='bbox 405 3299 467 3362; x_wconf 86' lang='lat' dir='ltr'>que</span> <span class='ocrx_word' id='word_1_166' title='bbox 488 3300 563 3346; x_wconf 88' lang='lat' dir='ltr'>vero</span> <span class='ocrx_word' id='word_1_167' title='bbox 583 3300 695 3347; x_wconf 86' lang='lat' dir='ltr'>versus</span> <span class='ocrx_word' id='word_1_168' title='bbox 715 3278 966 3364; x_wconf 86' lang='lat' dir='ltr'>discrepantiae,</span> <span class='ocrx_word' id='word_1_169' title='bbox 996 3302 1037 3348; x_wconf 93' lang='lat' dir='ltr'>ne</span> <span class='ocrx_word' id='word_1_170' title='bbox 1060 3283 1092 3346; x_wconf 92' lang='lat' dir='ltr'>in</span> <span class='ocrx_word' id='word_1_171' title='bbox 1115 3281 1269 3347; x_wconf 88' lang='lat' dir='ltr'>lubricam</span> <span class='ocrx_word' id='word_1_172' title='bbox 1294 3269 1494 3345; x_wconf 82' lang='lat' dir='ltr'>coniectandi</span> <span class='ocrx_word' id='word_1_173' title='bbox 1515 3278 1600 3342; x_wconf 87' lang='lat' dir='ltr'>viam</span> 
     </span>
     <span class='ocr_line' id='line_1_21' title="bbox 404 3385 1600 3472; baseline -0.005 -17"><span class='ocrx_word' id='word_1_174' title='bbox 404 3390 597 3464; x_wconf 90' lang='lat' dir='ltr'>aberremus,</span> <span class='ocrx_word' id='word_1_175' title='bbox 629 3409 694 3454; x_wconf 93' lang='lat' dir='ltr'>nna</span> <span class='ocrx_word' id='word_1_176' title='bbox 714 3388 901 3472; x_wconf 89' lang='lat' dir='ltr'>explicandi</span> <span class='ocrx_word' id='word_1_177' title='bbox 923 3388 1048 3456; x_wconf 90' lang='lat' dir='ltr'>ratione</span> <span class='ocrx_word' id='word_1_178' title='bbox 1069 3390 1236 3456; x_wconf 83' lang='lat' dir='ltr'>solvantur</span> <span class='ocrx_word' id='word_1_179' title='bbox 1265 3406 1345 3472; x_wconf 90' lang='lat' dir='ltr'>opus</span> <span class='ocrx_word' id='word_1_180' title='bbox 1367 3394 1424 3452; x_wconf 91' lang='lat' dir='ltr'>est.</span> <span class='ocrx_word' id='word_1_181' title='bbox 1459 3405 1529 3450; x_wconf 93' lang='lat' dir='ltr'>meo</span> <span class='ocrx_word' id='word_1_182' title='bbox 1553 3385 1600 3449; x_wconf 90' lang='lat' dir='ltr'>iu-</span> 
     </span>
    </p>
   </div>
   <div class='ocr_carea' id='block_1_4' title="bbox 279 3495 1601 3579">
    <p class='ocr_par' dir='ltr' id='par_1_4' title="bbox 279 3495 1601 3579">
     <span class='ocr_line' id='line_1_22' title="bbox 279 3495 1601 3579; baseline -0.004 -15"><span class='ocrx_word' id='word_1_183' title='bbox 279 3527 281 3531; x_wconf 95' lang='lat'>·</span> <span class='ocrx_word' id='word_1_184' title='bbox 404 3498 490 3564; x_wconf 91' lang='lat' dir='ltr'>dicio</span> <span class='ocrx_word' id='word_1_185' title='bbox 512 3499 601 3566; x_wconf 87' lang='lat' dir='ltr'>Festi</span> <span class='ocrx_word' id='word_1_186' title='bbox 623 3501 729 3566; x_wconf 87' lang='lat' dir='ltr'>verbis</span> <span class='ocrx_word' id='word_1_187' title='bbox 753 3500 881 3564; x_wconf 89' lang='lat' dir='ltr'>sincera</span> <span class='ocrx_word' id='word_1_188' title='bbox 902 3498 983 3565; x_wconf 84' lang='lat' dir='ltr'>tides</span> <span class='ocrx_word' id='word_1_189' title='bbox 1004 3497 1154 3566; x_wconf 88' lang='lat' dir='ltr'>habenda</span> <span class='ocrx_word' id='word_1_190' title='bbox 1176 3505 1235 3564; x_wconf 85' lang='lat' dir='ltr'>est.</span> <span class='ocrx_word' id='word_1_191' title='bbox 1269 3515 1372 3579; x_wconf 90' lang='lat' dir='ltr'>neque</span> <span class='ocrx_word' id='word_1_192' title='bbox 1387 3495 1487 3579; x_wconf 84' lang='lat' dir='ltr'>igitur</span> <span class='ocrx_word' id='word_1_193' title='bbox 1502 3500 1601 3560; x_wconf 86' lang='lat' dir='ltr'>restat</span> 
     </span>
    </p>
   </div>
   <div class='ocr_carea' id='block_1_5' title="bbox 403 3604 1601 3690">
    <p class='ocr_par' dir='ltr' id='par_1_5' title="bbox 403 3604 1601 3690">
     <span class='ocr_line' id='line_1_23' title="bbox 403 3604 1601 3690; baseline -0.002 -17"><span class='ocrx_word' id='word_1_194' title='bbox 403 3607 467 3673; x_wconf 90' lang='lat' dir='ltr'>nisi</span> <span class='ocrx_word' id='word_1_195' title='bbox 490 3615 524 3674; x_wconf 90' lang='lat' dir='ltr'>ut</span> <span class='ocrx_word' id='word_1_196' title='bbox 545 3609 769 3675; x_wconf 75' lang='lat' dir='ltr'>Neruolariarn</span> <span class='ocrx_word' id='word_1_197' title='bbox 795 3614 827 3674; x_wconf 91' lang='lat' dir='ltr'>et</span> <span class='ocrx_word' id='word_1_198' title='bbox 849 3608 996 3674; x_wconf 87' lang='lat' dir='ltr'>Stichum</span> <span class='ocrx_word' id='word_1_199' title='bbox 1020 3628 1117 3674; x_wconf 89' lang='lat' dir='ltr'>unam</span> <span class='ocrx_word' id='word_1_200' title='bbox 1138 3628 1211 3674; x_wconf 89' lang='lat' dir='ltr'>esse</span> <span class='ocrx_word' id='word_1_201' title='bbox 1237 3605 1435 3690; x_wconf 89' lang='lat' dir='ltr'>eandemque</span> <span class='ocrx_word' id='word_1_202' title='bbox 1457 3604 1601 3671; x_wconf 85' lang='lat' dir='ltr'>fabulam</span> 
     </span>
    </p>
   </div>
   <div class='ocr_carea' id='block_1_6' title="bbox 289 3714 1598 3802">
    <p class='ocr_par' dir='ltr' id='par_1_6' title="bbox 289 3714 1598 3802">
     <span class='ocr_line' id='line_1_24' title="bbox 289 3714 1598 3802; baseline -0.004 -21"><span class='ocrx_word' id='word_1_203' title='bbox 289 3789 291 3796; x_wconf 26' lang='lat'><strong><em>¹</em></strong></span> <span class='ocrx_word' id='word_1_204' title='bbox 402 3719 453 3782; x_wconf 90' lang='lat' dir='ltr'>vel</span> <span class='ocrx_word' id='word_1_205' title='bbox 477 3717 584 3802; x_wconf 90' lang='lat' dir='ltr'>potius</span> <span class='ocrx_word' id='word_1_206' title='bbox 607 3737 662 3784; x_wconf 89' lang='lat' dir='ltr'>eas</span> <span class='ocrx_word' id='word_1_207' title='bbox 686 3717 897 3784; x_wconf 85' lang='lat' dir='ltr'>Nervulariac</span> <span class='ocrx_word' id='word_1_208' title='bbox 921 3718 1088 3800; x_wconf 88' lang='lat' dir='ltr'>Stichiqne</span> <span class='ocrx_word' id='word_1_209' title='bbox 1111 3725 1230 3800; x_wconf 89' lang='lat' dir='ltr'>partes,</span> <span class='ocrx_word' id='word_1_210' title='bbox 1255 3715 1287 3781; x_wconf 89' lang='lat' dir='ltr'>in</span> <span class='ocrx_word' id='word_1_211' title='bbox 1320 3714 1437 3798; x_wconf 90' lang='lat' dir='ltr'>quihus</span> <span class='ocrx_word' id='word_1_212' title='bbox 1459 3715 1509 3778; x_wconf 91' lang='lat' dir='ltr'>isti</span> <span class='ocrx_word' id='word_1_213' title='bbox 1531 3733 1598 3780; x_wconf 85' lang='lat' dir='ltr'>ver-</span> 
     </span>
    </p>
   </div>
   <div class='ocr_carea' id='block_1_7' title="bbox 401 3822 1598 4348">
    <p class='ocr_par' dir='ltr' id='par_1_7' title="bbox 401 3822 1598 4348">
     <span class='ocr_line' id='line_1_25' title="bbox 403 3822 1598 3912; baseline -0.005 -20"><span class='ocrx_word' id='word_1_214' title='bbox 403 3845 458 3892; x_wconf 87' lang='lat' dir='ltr'>sus</span> <span class='ocrx_word' id='word_1_215' title='bbox 480 3827 598 3912; x_wconf 89' lang='lat' dir='ltr'>insunt,</span> <span class='ocrx_word' id='word_1_216' title='bbox 624 3828 712 3896; x_wconf 91' lang='lat' dir='ltr'>haud</span> <span class='ocrx_word' id='word_1_217' title='bbox 733 3847 805 3894; x_wconf 91' lang='lat' dir='ltr'>esse</span> <span class='ocrx_word' id='word_1_218' title='bbox 827 3825 974 3893; x_wconf 87' lang='lat' dir='ltr'>diuersas</span> <span class='ocrx_word' id='word_1_219' title='bbox 996 3825 1151 3893; x_wconf 86' lang='lat' dir='ltr'>dicamus.</span> <span class='ocrx_word' id='word_1_220' title='bbox 1185 3825 1266 3890; x_wconf 90' lang='lat' dir='ltr'>baec</span> <span class='ocrx_word' id='word_1_221' title='bbox 1281 3823 1440 3890; x_wconf 91' lang='lat' dir='ltr'>sententia</span> <span class='ocrx_word' id='word_1_222' title='bbox 1455 3822 1598 3906; x_wconf 86' lang='lat' dir='ltr'>quamvis</span> 
     </span>
     <span class='ocr_line' id='line_1_26' title="bbox 402 3929 1598 4022; baseline -0.005 -22"><span class='ocrx_word' id='word_1_223' title='bbox 402 3937 484 4001; x_wconf 90' lang='lat' dir='ltr'>mira</span> <span class='ocrx_word' id='word_1_224' title='bbox 505 3936 663 4022; x_wconf 88' lang='lat' dir='ltr'>videatur,</span> <span class='ocrx_word' id='word_1_225' title='bbox 686 3937 876 4022; x_wconf 87' lang='lat' dir='ltr'>praesertim</span> <span class='ocrx_word' id='word_1_226' title='bbox 892 3956 962 4002; x_wconf 91' lang='lat' dir='ltr'>cum</span> <span class='ocrx_word' id='word_1_227' title='bbox 984 3955 1089 4018; x_wconf 91' lang='lat' dir='ltr'>neque</span> <span class='ocrx_word' id='word_1_228' title='bbox 1115 3933 1154 4000; x_wconf 89' lang='lat' dir='ltr'>de</span> <span class='ocrx_word' id='word_1_229' title='bbox 1177 3935 1284 4000; x_wconf 88' lang='lat' dir='ltr'>nervis</span> <span class='ocrx_word' id='word_1_230' title='bbox 1307 3940 1420 4018; x_wconf 84' lang='lat' dir='ltr'>agatrrr</span> <span class='ocrx_word' id='word_1_231' title='bbox 1441 3931 1474 3996; x_wconf 93' lang='lat' dir='ltr'>in</span> <span class='ocrx_word' id='word_1_232' title='bbox 1487 3929 1598 3996; x_wconf 87' lang='lat' dir='ltr'>Sticho</span> 
     </span>
     <span class='ocr_line' id='line_1_27' title="bbox 401 4039 1598 4130; baseline -0.005 -20"><span class='ocrx_word' id='word_1_233' title='bbox 401 4064 505 4128; x_wconf 87' lang='lat' dir='ltr'>neque</span> <span class='ocrx_word' id='word_1_234' title='bbox 528 4047 626 4111; x_wconf 91' lang='lat' dir='ltr'>ceteri</span> <span class='ocrx_word' id='word_1_235' title='bbox 660 4048 716 4130; x_wconf 91' lang='lat' dir='ltr'>qui</span> <span class='ocrx_word' id='word_1_236' title='bbox 748 4047 867 4113; x_wconf 90' lang='lat' dir='ltr'>servati</span> <span class='ocrx_word' id='word_1_237' title='bbox 901 4050 975 4112; x_wconf 90' lang='lat' dir='ltr'>sunt</span> <span class='ocrx_word' id='word_1_238' title='bbox 1003 4042 1213 4111; x_wconf 79' lang='lat' dir='ltr'>Neruolariae</span> <span class='ocrx_word' id='word_1_239' title='bbox 1246 4063 1357 4110; x_wconf 89' lang='lat' dir='ltr'>versus</span> <span class='ocrx_word' id='word_1_240' title='bbox 1391 4061 1463 4107; x_wconf 92' lang='lat' dir='ltr'>cum</span> <span class='ocrx_word' id='word_1_241' title='bbox 1496 4039 1598 4106; x_wconf 88' lang='lat' dir='ltr'>Stichi</span> 
     </span>
     <span class='ocr_line' id='line_1_28' title="bbox 401 4152 1597 4239; baseline -0.005 -18"><span class='ocrx_word' id='word_1_242' title='bbox 401 4161 590 4239; x_wconf 88' lang='lat' dir='ltr'>argumento</span> <span class='ocrx_word' id='word_1_243' title='bbox 622 4156 823 4239; x_wconf 86' lang='lat' dir='ltr'>conveniant,</span> <span class='ocrx_word' id='word_1_244' title='bbox 864 4160 969 4222; x_wconf 91' lang='lat' dir='ltr'>tamen</span> <span class='ocrx_word' id='word_1_245' title='bbox 1004 4154 1168 4222; x_wconf 89' lang='lat' dir='ltr'>stabilitur</span> <span class='ocrx_word' id='word_1_246' title='bbox 1200 4152 1304 4219; x_wconf 88' lang='lat' dir='ltr'>Stichi</span> <span class='ocrx_word' id='word_1_247' title='bbox 1337 4153 1440 4237; x_wconf 89' lang='lat' dir='ltr'>ipsius</span> <span class='ocrx_word' id='word_1_248' title='bbox 1470 4171 1597 4236; x_wconf 91' lang='lat' dir='ltr'>compo·</span> 
     </span>
     <span class='ocr_line' id='line_1_29' title="bbox 401 4262 908 4348; baseline -0.002 -18"><span class='ocrx_word' id='word_1_249' title='bbox 401 4266 514 4330; x_wconf 88' lang='lat' dir='ltr'>sitione</span> <span class='ocrx_word' id='word_1_250' title='bbox 536 4262 721 4330; x_wconf 88' lang='lat' dir='ltr'>adcuratius</span> <span class='ocrx_word' id='word_1_251' title='bbox 746 4265 908 4348; x_wconf 88' lang='lat' dir='ltr'>inquisita.</span> 
     </span>
    </p>
   </div>
   <div class='ocr_carea' id='block_1_8' title="bbox 499 4505 1463 4673">
    <p class='ocr_par' dir='ltr' id='par_1_8' title="bbox 499 4505 1463 4673">
     <span class='ocr_line' id='line_1_30' title="bbox 501 4505 1463 4578; baseline 0 -16"><span class='ocrx_word' id='word_1_252' title='bbox 501 4509 528 4578; x_wconf 85' lang='lat' dir='ltr'>l)</span> <span class='ocrx_word' id='word_1_253' title='bbox 547 4507 592 4563; x_wconf 86' lang='lat' dir='ltr'>Sic</span> <span class='ocrx_word' id='word_1_254' title='bbox 609 4506 644 4562; x_wconf 90' lang='lat' dir='ltr'>dc</span> <span class='ocrx_word' id='word_1_255' title='bbox 662 4507 751 4562; x_wconf 88' lang='lat' dir='ltr'>altero</span> <span class='ocrx_word' id='word_1_256' title='bbox 770 4523 851 4562; x_wconf 88' lang='lat' dir='ltr'>versu</span> <span class='ocrx_word' id='word_1_257' title='bbox 870 4506 975 4562; x_wconf 85' lang='lat' dir='ltr'>iudicat</span> <span class='ocrx_word' id='word_1_258' title='bbox 1000 4505 1171 4562; x_wconf 85' lang='lat' dir='ltr'>Ritschelius</span> <span class='ocrx_word' id='word_1_259' title='bbox 1189 4505 1288 4575; x_wconf 89' lang='lat' dir='ltr'>Opnsc.</span> <span class='ocrx_word' id='word_1_260' title='bbox 1308 4505 1335 4558; x_wconf 85' lang='lat'>11</span> <span class='ocrx_word' id='word_1_261' title='bbox 1354 4523 1383 4576; x_wconf 92' lang='lat' dir='ltr'>p.</span> <span class='ocrx_word' id='word_1_262' title='bbox 1402 4507 1463 4562; x_wconf 67' lang='lat'>325:</span> 
     </span>
     <span class='ocr_line' id='line_1_31' title="bbox 499 4600 1121 4673; baseline -0.002 -16"><span class='ocrx_word' id='word_1_263' title='bbox 499 4605 528 4673; x_wconf 84' lang='grc'>2)</span> <span class='ocrx_word' id='word_1_264' title='bbox 545 4603 686 4659; x_wconf 77' lang='lat' dir='ltr'>‘Auslant</span> <span class='ocrx_word' id='word_1_265' title='bbox 704 4603 730 4657; x_wconf 91' lang='lat' dir='ltr'>D</span> <span class='ocrx_word' id='word_1_266' title='bbox 749 4603 786 4658; x_wconf 89' lang='lat' dir='ltr'>im</span> <span class='ocrx_word' id='word_1_267' title='bbox 805 4605 853 4658; x_wconf 86' lang='lat' dir='ltr'>alt.</span> <span class='ocrx_word' id='word_1_268' title='bbox 873 4600 984 4659; x_wconf 84' lang='lat' dir='ltr'>Latein&#39;</span> <span class='ocrx_word' id='word_1_269' title='bbox 1009 4621 1036 4673; x_wconf 89' lang='lat' dir='ltr'>p.</span> <span class='ocrx_word' id='word_1_270' title='bbox 1059 4605 1121 4657; x_wconf 90' lang='grc'><strong>160.</strong></span> 
     </span>
    </p>
   </div>
   <div class='ocr_carea' id='block_1_9' title="bbox 0 0 1794 5338">
    <p class='ocr_par' dir='ltr' id='par_1_9' title="bbox 0 0 1794 5338">
     <span class='ocr_line' id='line_1_32' title="bbox 0 0 1794 5338; baseline 0 1"><span class='ocrx_word' id='word_1_271' title='bbox 0 0 1794 5338; x_wconf 95' lang='lat' dir='ltr'> </span> 
     </span>
    </p>
   </div>
  </div>
 </body>
</html>
