3578 5336
345 584 353 631 l

252 2681 254 2686 ι
378 2589 511 2656 notavit.

896 452 1073 506 -20..

379 627 559 711 fragmenta
580 627 683 692 locum
710 631 841 692 teneant
862 623 1038 690 diiudicari
1069 625 1186 707 nequit.
1232 644 1313 706 quos
1346 645 1456 694 omnes
1489 630 1576 710 equi-

379 736 451 803 dem
475 735 625 802 dubitans
647 734 776 801 admisi.

376 855 379 860 '
478 845 558 911 'lhos
582 863 694 910 versus
725 844 757 908 in
780 842 897 910 Donati
933 842 1066 908 scholiis
1101 842 1144 908 ad
1167 843 1355 910 Terentium
1389 845 1576 928 prolct0s1),

379 956 434 1037 qu
456 955 489 1020 n
517 925 1575 1035 murnum

380 1033 1031 1148 panurdeummmfflffisit
1064 1069 1210 1145 spectare
1243 1082 1338 1143 quam
1372 1063 1415 1128 ad
1448 1064 1576 1132 fabulas

379 1170 574 1256 deperditas,
597 1170 739 1237 editores
761 1168 836 1236 huic
858 1169 1046 1236 comoediae
1062 1171 1273 1236 inseruerunt
1309 1172 1418 1253 itaque
1440 1173 1576 1238 eandem

379 1278 536 1346 rationem
559 1299 655 1362 qnam
677 1278 719 1344 ad
736 1278 891 1345 Boeotiae
906 1297 1017 1344 versus
1034 1277 1193 1344 adhibens
1217 1298 1272 1344 eos
1296 1279 1379 1345 inter
1394 1279 1576 1363 fragmenta

379 1410 442 1456 non
463 1390 583 1474 recepi.
617 1389 720 1455 cidem
737 1387 934 1454 Bacchidem
950 1387 1135 1453 comoediae
1150 1407 1262 1454 versus
1275 1382 1378 1454 ‘sicut
1400 1389 1483 1456 lacte
1497 1391 1575 1456 lacti

379 1497 486 1564 simile
508 1488 571 1564 sst'
594 1519 688 1581 quem
711 1498 840 1564 eProbi
862 1496 1030 1563 catholicis
1053 1504 1213 1580 sumptum
1231 1498 1364 1566 Bothius
1386 1499 1469 1564 inter
1490 1501 1575 1582 frug·

379 1615 487 1674 menta
508 1609 618 1690 posuit
640 1628 664 1675 s.
685 1629 714 1672 n.
737 1609 787 1683 64,
819 1607 999 1673 attribuitur
1025 1609 1056 1672 in
1080 1607 1227 1691 Pompeii
1250 1615 1427 1674 commento
1450 1629 1480 1692 p.
1505 1609 1574 1691 199,

380 1716 418 1782 17
434 1716 516 1799 K.2).
553 1716 672 1782 deinde
694 1737 807 1784 versus
829 1717 862 1782 in
885 1715 1081 1799 Philargyrii
1113 1724 1279 1782 comment.
1312 1716 1355 1783 66
1378 1716 1496 1801 Georg.
1509 1717 1574 1800 lv,

379 1825 437 1892 171
462 1833 593 1892 exstans
626 1825 737 1908 ‘quam
766 1824 861 1891 folles
896 1826 1015 1890 taurini
1049 1824 1168 1892 habent
1202 1845 1273 1890 enm
1308 1826 1490 1908 liquescunt
1521 1845 1596 1908 pe·.

378 1942 456 2011 trae,
489 1934 609 2002 ferrum
641 1935 696 2014 ubi
718 1927 778 2012 fit',
812 1955 908 2018 quem
937 1932 1071 1999 Bothius
1106 1935 1189 1999 inter
1222 1935 1404 2018 fragmenta
1433 1954 1458 2001 s.
1481 1955 1511 2000 n.
1529 1936 1574 1998 33

378 2051 533 2124 numerat,
571 2064 588 2109 e
621 2043 836 2110 Bacchidibus
870 2043 1014 2110 adfertur
1047 2045 1079 2108 in
1119 2043 1277 2109 Prisciani
1286 2043 1310 2118 3)
1347 2041 1513 2140 codicibus
1544 2043 1575 2124 (Ι

377 2173 408 2236 p.
431 2153 492 2218 575
515 2153 581 2230 Κ.)
614 2160 761 2218 eruerunt
781 2153 923 2219 editores
946 2159 1116 2234 praeterea
1136 2141 1326 2234 ‘magadur'
1349 2151 1381 2218 in
1402 2152 1499 2218 Probi
1522 2172 1571 2216 ca·

377 2261 454 2327 thol.
477 2283 507 2346 p.
533 2264 581 2338 13,
614 2263 653 2326 37
677 2283 695 2328 e
716 2263 831 2328 Plauto
854 2270 1064 2328 memoratum
1088 2261 1277 2345 fragmentis
1305 2260 1485 2328 adicientes
1508 2261 1574 2344 (ap.

377 2369 469 2436 Both.
491 2391 514 2437 s.
539 2393 569 2437 n.
592 2369 657 2453 66),
680 2370 765 2453 quod
788 2377 933 2456 spectare
955 2369 998 2436 ad
1021 2369 1178 2436 Rudentis
1202 2391 1232 2434 v.
1248 2370 1311 2434 633
1329 2362 1403 2436 ‘seu
1419 2370 1479 2436 tibi
1501 2390 1573 2434 eon·

377 2477 452 2545 fidis
485 2480 554 2546 fore
589 2481 722 2546 multem
755 2478 972 2563 magudarim'
1011 2480 1137 2544 Keilius
1169 2479 1211 2544 ad
1241 2478 1340 2545 Probi
1371 2479 1477 2546 locum
1517 2477 1574 2543 66·

476 2697 691 2781 Eglossariis,
717 2695 1572 2788 quibusfiuateu-editnrssunus‘l’areuspeuscrutana

368 2807 426 2894 ¹dis
441 2798 583 2873 studrum
600 2806 772 2890 rnsumpsit
794 2787 831 2851 ’-
857 2826 983 2872 versum
1006 2806 1091 2870 cuim
1112 2798 1209 2887 ‘quid
1233 2813 1267 2870 tu
1289 2827 1308 2870 o
1331 2806 1573 2872 momarSicule

377 2915 471 2981 homo
485 2916 678 3001 praesumis'
701 2935 742 2981 ex
753 2915 872 2981 Isidori
887 2914 1005 2997 glossis
1028 2915 1278 2999 exprompsit-
1291 2915 1449 2982 accedunt
1469 2908 1572 2998 ‘glos’

377 3032 410 3090 et
432 3014 595 3092 ‘uoieres'.
618 3023 774 3089 ePlaoidi
798 3024 916 3106 glossis
930 3024 1182 3105 fragmentorum
1203 3023 1314 3106 cupias
1337 3043 1456 3106 augere
1480 3023 1573 3090 dubi-

375 3133 451 3199 tavi.
475 3153 546 3199 eum
575 3134 659 3198 enim
684 3130 812 3213 Kochii,
837 3131 1019 3209 Ribbeckii,
1048 3131 1170 3197 Loewii
1193 3131 1309 3198 studiis
1332 3133 1499 3216 probatum
1522 3135 1572 3210 sit,

376 3241 505 3325 praeter
527 3243 701 3326 permultas
724 3243 859 3325 glossas,
882 3261 966 3323 quae
989 3241 1031 3307 ad
1053 3240 1161 3307 Plauti
1188 3241 1314 3308 fabulas
1341 3250 1496 3326 spectant,
1524 3244 1573 3308 in-

376 3371 448 3418 esse
471 3350 557 3417 huud
579 3371 699 3435 paucas
719 3350 762 3416 ad
785 3351 866 3417 alios
890 3357 1015 3416 veteres
1031 3359 1142 3432 poetas
1158 3352 1366 3430 revocandus,
1390 3372 1453 3435 quo
1469 3354 1573 3418 miuus

376 3459 558 3527 fabularum
581 3460 687 3526 Plauti
719 3460 874 3543 reliquias
908 3463 1112 3527 enucleemus
1144 3481 1184 3525 ex
1214 3461 1265 3528 his
1296 3462 1423 3545 glossis,
1456 3463 1572 3545 quibus

375 3577 543 3654 poetarum
577 3571 709 3636 nomina
740 3592 809 3637 non·
839 3571 1002 3656 adscripta
1032 3578 1115 3648 suut,
1149 3571 1229 3656 sutis
1253 3579 1340 3638 certo
1364 3570 1572 3638 fundamento

376 3697 531 3746 caremus.
568 3698 671 3760 neque
699 3700 754 3746 eus
781 3699 892 3746 versus
922 3683 1037 3764 recepi,
1069 3701 1149 3763 quos
1172 3682 1229 3747 alii
1255 3681 1296 3746 ad
1320 3681 1424 3746 Plauti
1448 3681 1572 3746 fabulas

376 3783 562 3868 deperditas
596 3786 794 3860 rettulerunt,
827 3787 912 3854 sicut
942 3781 1019 3850 2..
1048 3791 1123 3852 aere
1154 3789 1250 3852 vitam
1275 3788 1364 3853 ducit
1395 3810 1434 3855 ac
1463 3780 1572 3854 manu'

376 3894 462 3960 Plao.
489 3914 520 3977 p.
543 3897 571 3971 5,
608 3895 647 3958 14
668 3894 707 3961 D.
731 3914 751 3960 a
776 3893 900 3961 Kochio
926 3893 1018 3974 (Mus.
1041 3895 1142 3962 Rhen.
1165 3895 1279 3960 XXVI
1311 3917 1342 3978 p.
1364 3895 1448 3978 553),
1474 3893 1571 3962 ‘anus

375 4007 540 4066 aestuosa:
563 4003 650 4084 quod
673 4005 706 4070 in
729 4004 857 4070 modum
885 4005 1040 4072 aestuarii
1069 4007 1165 4071 maris
1195 4004 1346 4081 hauserit,
1380 4005 1413 4070 id
1446 4015 1496 4072 est
1525 4007 1570 4070 hi-

480 4307 503 4368 1)
522 4304 568 4358 Ad
585 4303 656 4358 Eun.
666 4304 713 4369 IV,
733 4308 758 4374 2,
779 4307 823 4374 13;
844 4308 879 4361 ad
899 4307 964 4362 Hec,
983 4308 1032 4376 ΙΙΙ,
1054 4312 1077 4376 1,
1097 4311 1144 4377 333
1164 4309 1197 4362 66
1218 4309 1328 4362 Phorm.
1343 4308 1388 4377 IV,
1407 4312 1432 4377 3,
1453 4310 1494 4361 36.
1519 4309 1571 4364 cfr.

375 4399 521 4455 sicconem
540 4401 638 4470 opusc.
661 4400 731 4471 11p.
753 4405 805 4456 aro
824 4421 865 4472 sq.
1411 4385 1421 4394 ‘

473 4499 502 4566 2)
520 4498 577 4553 Cfr.
596 4497 741 4552 Ritsehelii
761 4497 860 4568 Opusc.
880 4498 906 4552 11
924 4518 951 4568 p.
970 4501 1023 4553 330
1042 4518 1083 4568 sq.

474 4593 501 4660 3)
520 4593 574 4647 cu.
595 4593 740 4648 Ritsohclii
761 4594 859 4662 Opusc.
879 4595 907 4647 Il
923 4613 950 4664 p.
971 4596 1020 4647 331
1042 4613 1100 4665 sqq.

1780 1525 1785 1594 ι

1780 1635 1785 1730 l

1783 1767 1785 1864 l
