3578 5336
750 414 926 466 ...43-

812 631 860 696 IX

392 742 427 806 A.
452 703 612 835 67777777
670 742 704 806 Β.
733 741 790 806 Sat
817 746 867 806 est
894 738 995 806 isculi
1022 741 1101 806 mibi
1131 743 1239 807 vostri.
1296 743 1333 808 A.
1362 741 1436 820 Qui,

688 845 811 927 amato,
835 850 948 931 pater?

241 1109 374 1176 Plautus
402 1109 435 1173 in
458 1105 687 1173 Bacchidibus:
716 1107 796 1173 haee
817 1127 842 1173 e.
868 1128 897 1190 q.
919 1129 943 1174 s.
979 1117 1010 1175 et
1039 1109 1071 1174 in
1094 1109 1301 1176 Neruolaria:
1325 1112 1435 1193 eequis

241 1239 319 1301 eq.
343 1238 367 1283 s.
411 1217 460 1282 IX
483 1218 599 1282 Festus
629 1237 660 1300 p.
685 1217 754 1298 197,
788 1218 828 1281 20
844 1217 886 1281 Μ.
927 1219 1114 1284 osculana
1148 1240 1279 1303 pugna
1308 1222 1340 1285 in
1363 1240 1434 1303 pro·

239 1328 360 1404 verbio,
378 1347 440 1409 quo
456 1326 698 1409 significabatur
713 1329 812 1392 victos
829 1329 958 1393 vineere
975 1349 1002 1393 e.
1020 1348 1050 1410 q.
1070 1347 1094 1392 s.
1119 1327 1318 1411 significatur
1333 1329 1431 1396 etiam

240 1437 349 1502 osculo
371 1434 505 1518 savium,
528 1443 562 1500 ut
585 1435 716 1500 Plautus
739 1437 772 1500 in
795 1435 1003 1502 Neruolaria:
1028 1438 1172 1504 osculum
1196 1459 1222 1502 e.
1244 1458 1273 1521 q.
1297 1459 1321 1503 s.

239 1689 308 1742 bens.
366 1687 521 1740 strittiville
548 1687 629 1740 Gellii
648 1687 675 1740 P
700 1686 829 1740 sritiville
852 1686 877 1739 V
897 1688 978 1740 strati
1005 1688 1100 1746 villee
1125 1689 1279 1743 rittabillae
1304 1690 1436 1744 Varronis

241 1786 271 1840 F
286 1784 416 1838 ritabilac
436 1783 470 1835 H
485 1783 674 1850 (strittabillas
693 1785 777 1837 altero
797 1784 864 1852 loca)
884 1785 1049 1838 strictibilae
1069 1785 1156 1839 Nonii
1172 1785 1246 1840 codd.
1266 1787 1436 1840 strittivillae

238 1880 413 1935 Bitsohelius.
479 1878 589 1932 sordide
621 1878 703 1934 Getta
738 1879 812 1934 codd.
837 1881 964 1934 sordidae
997 1881 1084 1935 Nonii
1114 1881 1188 1935 codd.
1222 1883 1346 1936 tantulae
1371 1882 1435 1937 Var-

238 1976 312 2032 ronis
339 1976 414 2030 codd.
434 1977 580 2031 edentulae
602 1976 726 2030 Laenius
749 1976 764 2029 7.
785 1993 810 2029 a.
862 1977 1027 2032 Ritsebelius
1046 1979 1160 2048 Parere.
1184 1997 1212 2048 p.
1230 1983 1281 2034 174
1299 1995 1355 2047 sqq.
1379 1979 1433 2033 cdi·

238 2080 326 2128 torurn
355 2074 489 2129 sententia
519 2073 632 2141 abiecta,
660 2073 707 2140 qui
735 2089 839 2127 uersum
870 2073 1037 2129 Cistellariae
1065 2076 1174 2142 fabulae
1202 2077 1346 2130 tribuentes
1373 2092 1435 2130 eon-

239 2172 390 2226 iunnerunt
419 2186 478 2224 eun
507 2170 664 2224 versibnsa
692 2170 814 2224 Varrone
832 2169 863 2224 de
882 2170 898 2224 7.
918 2171 934 2224 7.
960 2170 1026 2238 VII,
1045 2176 1080 2225 64
1100 2189 1113 2225 e
1131 2172 1286 2226 Cistellaria
1310 2173 1434 2240 prolatis,

239 2267 417 2322 Neruolarioe
447 2282 549 2321 uersum
579 2266 773 2320 restituendum
801 2283 855 2322 esse
885 2267 967 2322 eoieit.
1017 2267 1128 2322 Nonius
1157 2269 1235 2335 enirn,
1262 2274 1291 2322 ut
1318 2269 1436 2338 saepius,

238 2363 276 2417 sie
304 2363 351 2417 boe
378 2379 480 2431 quoqne
507 2364 563 2417 loeo
586 2363 679 2416 titulos
699 2362 849 2430 eonfrrodit,
875 2363 1006 2418 Varronis
1025 2364 1151 2418 librorum
1165 2365 1259 2419 uitium
1286 2366 1367 2430 facile
1394 2366 1435 2418 in·

240 2458 382 2528 tellcqitur,
409 2464 439 2512 77
467 2459 629 2513 Ritsebelius
654 2458 785 2526 7777777777
804 2460 823 2512 7.
843 2476 868 2512 a.
891 2476 917 2528 p.
940 2464 997 2514 177.
1026 2460 1229 2530 eynoseentibus
1248 2460 1335 2530 initur·
1360 2463 1436 2515 nobis

237 2555 333 2624 ubique
370 2573 452 2609 unum
491 2555 653 2624 eundemque
680 2571 784 2610 uersum
815 2556 936 2624 quaestio
968 2557 1012 2624 fit,
1048 2555 1180 2610 Varronis
1209 2557 1282 2612 lectio
1310 2559 1436 2611 tantulae

237 2670 275 2706 an
307 2651 390 2706 Gellii
417 2651 545 2706 sordidae
573 2651 611 2705 sit
636 2651 831 2720 praeferendo.
860 2667 929 2720 quae
953 2651 1142 2721 discrepantia
1166 2653 1241 2706 bned
1260 2653 1323 2706 inde
1342 2659 1436 2708 exorta

237 2765 291 2823 esse
307 2747 420 2816 uidetur,
448 2749 518 2818 quod
542 2749 631 2803 Varro
660 2753 685 2803 et
713 2747 816 2803 Gellius
846 2749 876 2802 in
902 2749 1059 2816 fabularum
1083 2749 1219 2805 codicibus
1243 2749 1363 2805 diversas
1387 2751 1435 2804 lec·

237 2845 323 2900 tiones
350 2846 507 2900 inverterint.
544 2845 622 2898 irnrno
642 2844 752 2908 Gellius,
781 2845 808 2898 si
834 2861 920 2915 supra
945 2851 1013 2902 reete
1036 2845 1184 2915 disputavi,
1207 2848 1328 2914 [77777777
1346 2847 1434 2916 ipsam

237 2958 291 2996 non
318 2942 446 3010 inspersit,
476 2942 522 2996 sed
549 2959 652 2996 oersnm
678 2960 691 2997 7
715 2943 849 2997 Varronis
868 2943 937 2997 libro
962 2943 994 2998 de
1013 2943 1155 2998 canoediis
1173 2945 1317 2998 Plautinis
1335 2944 1436 3012 scripto
1485 2961 1490 2971 ·

236 3043 376 3092 rnutnatue
394 3043 441 3092 est.
460 3037 530 3092 unde
546 3038 699 3092 ratiocinor
717 3040 865 3104 Varuonem
885 3039 994 3093 eandem
1014 3056 1126 3108 uersum,
1146 3041 1261 3108 quentin
1275 3041 1384 3111 linquae
1397 3043 1436 3094 lo·

236 3135 310 3189 tinae
330 3135 347 3188 7.
371 3135 432 3188 VII
448 3134 478 3188 in
497 3135 622 3188 tantulae
641 3141 780 3191 77777777
796 3136 900 3204 posuit,
926 3137 983 3191 illie
1002 3137 1126 3192 attulisse
1144 3137 1173 3190 in
1193 3138 1321 3192 sordidae
1339 3155 1435 3192 77777-

237 3237 296 3296 ran,
314 3231 439 3285 similiter
457 3247 489 3285 ae
506 3231 539 3286 de
557 3232 574 3285 7.
593 3230 610 3284 7.
628 3231 675 3298 VI,
694 3235 711 3285 7
731 3231 879 3286 Asinariae
900 3249 1005 3286 7777777
1023 3239 1077 3288 685
1096 3252 1114 3288 7
1134 3235 1297 3298 videbimus,
1318 3233 1352 3288 ib.
1369 3233 1434 3301 VII,

237 3332 271 3382 79
290 3345 307 3380 7
330 3328 471 3382 videbitur
490 3327 664 3395 incipientem
682 3327 784 3396 posuit.
803 3346 885 3397 neque
903 3329 989 3399 initur
1009 3346 1094 3384 cause
1111 3337 1150 3385 est
1167 3347 1217 3385 cnr
1235 3331 1360 3385 tantulae
1380 3331 1435 3397 ¹tor·

235 3440 306 3478 maor
326 3423 384 3478 ideo
401 3423 597 3492 praeferamus,
627 3425 692 3494 qnia
714 3425 855 3480 vetustiore
874 3426 1024 3480 testimonio
1043 3428 1188 3481 innitetur.
1226 3428 1359 3495 Laenius,
1388 3428 1435 3494 qai

236 3537 250 3574 e
277 3521 401 3573 tantulae
429 3521 543 3575 coniecit
573 3521 726 3581 edentulae,
755 3521 861 3590 profert
891 3522 1019 3576 sordidae
1047 3523 1077 3576 in
1098 3525 1151 3588 [777
1181 3540 1274 3578 uersus
1301 3528 1361 3592 nost
1391 3540 1434 3576 77-

237 3615 417 3686 qnisitissirna
434 3618 564 3671 77777777
593 3622 722 3685 seraitae,
747 3619 937 3688 serupipedae,
965 3620 1135 3673 strittivillae
1150 3619 1270 3688 positam
1289 3617 1435 3672 admodum

236 3714 371 3782 ianquere.
403 3713 473 3782 quod
495 3721 682 3785 7777777777
701 3715 857 3782 infirmatur
879 3717 994 3771 Poenuli
1017 3734 1040 3771 7.
1059 3721 1116 3772 266
1135 3716 1275 3785 prosedas,
1297 3716 1433 3784 pistorum

237 3811 346 3879 amicas,
366 3811 496 3880 reliquias
516 3812 642 3866 alieariao
662 3812 785 3879 Miseros,
810 3813 928 3868 schoeno
948 3814 1094 3880 delibutas,
1114 3813 1291 3867 servolicolas
1308 3812 1434 3867 sordidas

236 3912 260 3962 77
277 3907 428 3976 fraumenta
446 3909 577 3964 Plautino
596 3927 640 3978 ap.
661 3910 735 3963 Fest.
752 3914 806 3964 309
826 3912 988 3978 ulcerosam,
1004 3911 1197 3980 compeditam,
1211 3910 1432 3978 subverbustam,

237 4003 385 4057 sordidam.
416 4022 498 4074 neque
526 4011 589 4074 apte
616 4007 647 4060 de
678 4005 861 4061 meretricibus
891 4007 993 4061 dicitur·
1020 4007 1165 4061 edentulae
1184 4024 1230 4061 nec
1248 4007 1311 4061 bene
1330 4007 1434 4060 tollitur

236 4105 351 4154 ornatas
370 4100 612 4155 adnominationis.

335 4201 370 4251 86
390 4197 467 4264 equis
484 4197 541 4250 eod.
574 4199 625 4263 afr.
652 4197 808 4253 Ribbeclrius
834 4204 903 4268 trae.
920 4201 956 4265 fr.
972 4217 1002 4268 p.
1022 4202 1073 4255 LI.
1127 4202 1161 4253 87
1183 4201 1310 4254 Osculum
1330 4204 1373 4253 sat
1392 4204 1433 4254 est

236 4292 305 4345 mihi
316 4333 322 4345 .
335 4332 358 4345 ..
377 4292 425 4360 qui
444 4293 526 4346 ambo
545 4292 584 4345 mi
603 4297 683 4362 pater
697 4294 775 4348 Festi
792 4294 848 4348 cod.
892 4313 944 4362 quo
962 4295 1020 4350 iare
1038 4314 1076 4350 oo.
1093 4299 1127 4348 st
1138 4303 1161 4352 77
1172 4300 1214 4364 87,
1235 4313 1346 4366 quorum
1365 4297 1433 4350 alter

236 4389 361 4456 77797777
379 4405 438 4444 777
457 4387 543 4443 Stielii
561 4406 584 4443 7.
598 4393 653 4444 352
672 4391 740 4444 alter
759 4407 817 4444 7777
831 4390 945 4444 eiusdem
961 4393 1070 4459 [7777777
1086 4410 1110 4446 7.
1130 4397 1171 4455 91,
1194 4391 1371 4446 Neruolariae
1389 4394 1433 4458 sa-

236 4485 313 4539 bulae
340 4485 539 4553 adsiqnaoerirn
564 4485 594 4538 in
617 4503 732 4540 excursu
762 4487 899 4557 explicabo
925 4488 1070 4558 ibidemque
1096 4490 1127 4544 777
1151 4483 1306 4560 7797777777
1324 4490 1433 4555 fabulae

237 4597 324 4649 uqaru.
