3578 5338
725 368 997 468 -rr-'

695 617 789 684 LXII
811 618 860 697 (B.
884 619 939 701 46)

368 771 385 790 a
399 754 417 789 a
440 747 498 812 pro
519 727 645 794 larutto
667 732 698 792 tc
721 726 950 796 circumferam.

820 865 835 928 l

366 969 533 1056 dissipabo
555 980 587 1039 te
610 864 875 1057 tamquauVVolIiaIu
897 974 1009 1040 faricri

760 1108 866 1175 LXIV

364 1216 478 1284 faciles
499 1219 609 1284 oeulos
632 1217 729 1284 habet

770 1350 828 1416 LX

366 1479 426 1543 ego
448 1459 532 1525 bunc
554 1459 715 1526 hominem
739 1349 965 1528 hodithcxam
989 1461 1088 1545 pallio

681 1620 788 1686 LXVI
810 1621 857 1701 (B.
879 1621 933 1702 44)

215 1730 275 1794 295
366 1729 498 1796 Servius
512 1729 556 1795 ad
570 1730 650 1796 Aen.
665 1730 727 1812 III,
742 1731 783 1794 42
798 1732 996 1798 scelerare
1011 1731 1164 1815 polluere,
1188 1738 1221 1797 et
1237 1739 1285 1802 est
1307 1754 1410 1800 sermo

313 1835 491 1920 Plautinus,
514 1859 577 1922 quo
599 1839 696 1906 hodie
721 1860 784 1906 uon
807 1841 934 1906 utimur.

675 1973 799 2040 LXVII
822 1974 871 2053 (B.
893 1974 947 2053 50)

363 2084 399 2150 Iu
423 2083 563 2167 pellibus
585 2085 760 2169 perIculum
778 2083 981 2167 portenditur

312 2328 405 2394 LXII
441 2328 573 2394 Servius
596 2328 638 2393 ad
661 2329 739 2394 Aen.
762 2328 809 2393 VI
830 2349 860 2393 v.
882 2331 944 2393 229
967 2329 1215 2396 circumtulit
1249 2332 1408 2416 purgavit.

212 2437 380 2520 antiquum
418 2438 551 2504 verbum
585 2443 643 2502 est.
688 2437 808 2502 Paulus
840 2435 915 2520 ‘pro
949 2439 1073 2505 laruato
1105 2445 1136 2504 te
1171 2441 1405 2507 circumferam'

213 2547 246 2612 id
261 2554 310 2612 est
325 2548 480 2631 purgabo.
509 2567 583 2612 nam
598 2547 747 2612 lustratio
767 2567 788 2612 a
802 2548 1045 2613 circumlatione
1059 2549 1147 2615 dicta
1162 2556 1211 2616 est
1225 2551 1276 2618 vel
1291 2549 1408 2616 taedae

212 2659 263 2722 vel
288 2656 459 2742 sulphurIs.
1004 2729 1011 2748 .

311 2765 418 2831 LXIII
455 2766 586 2833 Servius
605 2764 649 2833 ad
670 2767 748 2832 Aen.
771 2766 831 2831 Vll
855 2786 884 2831 v.
907 2767 967 2832 715
991 2767 1157 2833 sabarim
1187 2773 1292 2832 autem
1314 2787 1408 2850 quam

211 2874 291 2941 dicit
317 2877 415 2942 etiam
436 2877 506 2958 ipse
527 2897 585 2960 per
601 2875 739 2942 Sabinos
754 2875 869 2942 transit
891 2882 923 2941 et
937 2873 1075 2942 larfarus
1094 2875 1222 2941 dicitur.
1259 2877 1408 2942 Plautus:

211 2983 380 3070 dissipabo
404 3005 429 3050 a.
451 3005 480 3068 q.
501 3005 526 3050 s.

310 3094 415 3160 LXIV
450 3094 582 3159 Servius
604 3094 647 3160 ad
670 3096 748 3162 Aen.
770 3094 849 3160 VIII
870 3117 900 3160 v.
923 3096 985 3159 310
1019 3093 1248 3178 facilesque
1271 3094 1406 3160 oculos

211 3225 238 3269 c.
262 3223 292 3286 q.
315 3223 339 3268 s.
376 3203 504 3288 physici
521 3203 641 3287 dicunt,
663 3205 794 3269 cxvino
812 3203 996 3270 mobilioras
1019 3204 1129 3269 oculos
1151 3204 1231 3269 lieri.
1274 3203 1407 3269 Plautus

208 3311 337 3379 ‘faciles
360 3316 468 3380 oculos
491 3309 610 3397 habet',
632 3312 666 3378 id
689 3320 738 3378 est
759 3313 893 3379 mobiles
915 3314 1001 3380 vino.
1191 3398 1194 3404 Ι

309 3419 397 3488 LXV
436 3423 567 3489 Servius
601 3420 642 3488 ad
670 3424 749 3488 Aen.
781 3422 814 3516 X
847 3443 874 3488 v.
901 3421 963 3486 424
986 3421 1073 3489 dum
1095 3423 1198 3488 texit
1227 3421 1302 3512 dum
1335 3441 1406 3505 spo-

210 3533 285 3609 liat;
307 3553 380 3598 uam
403 3539 528 3616 tempus
551 3552 705 3617 praesens
727 3538 785 3611 est,
809 3552 872 3597 non
895 3531 1105 3616 praeteritum
1128 3531 1169 3596 ab
1186 3551 1224 3596 co
1247 3530 1333 3613 quod
1357 3536 1407 3597 est

207 3641 308 3725 ‘tego‘
332 3641 420 3722 (texo
443 3641 538 3724 RM).
571 3642 618 3708 sie
639 3641 785 3709 Plautus:
809 3662 869 3725 ego
893 3662 919 3708 e.
942 3661 973 3724 q.
997 3662 1021 3707 s.
1054 3644 1100 3718 [et
1119 3639 1231 3724 ‘tegit’
1252 3637 1317 3705 ‘ta’
1341 3641 1406 3724 pri·

210 3773 292 3818 mam
315 3751 473 3836 syllabam
495 3751 635 3836 corripit,
657 3760 693 3818 ut
714 3759 837 3820 tanturn
860 3752 1022 3837 positione
1047 3751 1143 3834 longa
1165 3749 1236 3827 sit].

309 3861 432 3928 LXVII
454 3861 634 3946 Porphyrio
657 3863 699 3927 ad
721 3861 798 3929 Hor.
819 3862 920 3928 Serm.
944 3862 970 3934 l,
993 3862 1022 3942 6,
1046 3861 1086 3923 22
1109 3859 1262 3941 quoniam
1286 3858 1319 3922 in
1334 3879 1404 3943 pro·

149 4033 151 4039 .
210 3971 282 4056 pria
297 3991 359 4036 non
377 3971 481 4055 pelle
497 3969 675 4054 quiessem3
692 3991 732 4037 cx
749 3972 919 4055 proverbio
935 3974 1096 4054 sumptum
1115 3975 1178 4043 cst3
1196 3987 1250 4034 cos
1266 3987 1404 4051 namque

209 4223 264 4278 rell.
357 4222 407 4276 291
446 4221 637 4276 circumferam
667 4221 703 4276 A.
743 4219 775 4275 de
806 4220 930 4274 laruatus
962 4220 1012 4288 cfr.
1049 4218 1168 4274 Botulus
1200 4219 1239 4274 ad
1270 4217 1347 4286 Oopt.
1379 4234 1403 4272 u.

209 4324 270 4374 696.
344 4321 395 4376 292
415 4323 529 4388 taquam
546 4319 581 4373 L.
600 4317 699 4372 farlati
717 4315 791 4372 codd.
812 4316 862 4383 cfr.
881 4315 1008 4370 Gustatus
1026 4314 1063 4368 ad
1083 4316 1167 4370 Poura.
1185 4331 1209 4369 o.
1230 4318 1292 4370 478.
1327 4329 1403 4368 sena·

207 4418 267 4469 rius
302 4415 419 4484 efficitur
451 4419 479 4470 tc
514 4414 655 4482 dissipabo
693 4411 879 4480 transpositis.
961 4413 1014 4466 294
1047 4410 1130 4464 hodie
1168 4415 1261 4464 texam
1296 4408 1409 4464 AuMF

207 4512 336 4568 detexam
355 4511 449 4567 ΕΒΗ.
481 4513 531 4579 cfr.
555 4510 684 4566 Goctaius
711 4514 736 4564 ct
754 4508 882 4564 Locutus
900 4507 938 4562 od
951 4507 1050 4576 Ampb.
1069 4523 1094 4563 o.
1111 4510 1173 4562 294.
1247 4506 1299 4560 295
1322 4505 1405 4560 scele-

206 4627 270 4663 rare
288 4625 388 4662 manus
415 4609 510 4665 Plauti
537 4607 638 4678 [rapm.
661 4607 786 4661 editores.
858 4607 911 4658 296
934 4603 1167 4674 cPorpbpra'om's
1184 4601 1271 4657 uerbis
1289 4601 1405 4656 editores
