3578 5336
725 441 883 492 ..9.-

206 622 312 679 rnenta
331 613 482 679 Plautina
503 611 683 676 eVarrcuis
706 617 738 675 et
759 609 856 676 Probi
881 609 972 674 libris
987 609 1191 693 excerpsisse
1216 609 1278 674 iam
1303 627 1401 691 supra

206 724 349 806 exposui.

304 831 443 895 Nonium
467 835 592 894 constat
613 847 694 912 opus
717 849 811 893 snum
838 827 879 892 de
903 827 1132 910 compendiosa
1159 827 1304 892 doctrina
1326 847 1399 892 con·

206 940 378 1023 scripsisse
394 946 522 1022 praeter
541 937 687 1004 diversos
703 939 946 1002 commentarios
968 938 1091 1018 aliquot
1104 937 1315 1018 grammatica
1327 957 1400 1001 con-

205 1053 353 1115 lectanea
365 1047 616 1114 exhaurientem.
647 1048 946 1114 commentariorum
964 1045 1130 1110 ordinibus
1145 1052 1272 1128 practer
1288 1045 1399 1128 Vergi-

205 1160 336 1236 lianum,
362 1158 445 1223 unde
469 1158 605 1224 fortasse
628 1157 827 1242 deprompsit
846 1157 962 1222 bladini
986 1157 1119 1240 parasiti
1134 1175 1260 1223 versum
1284 1175 1313 1238 p.
1328 1157 1399 1236 200,

206 1269 234 1346 7,
256 1287 296 1332 ne
319 1287 414 1333 unum
437 1265 568 1349 quidem
591 1267 802 1348 fragmentum
821 1266 1003 1330 Plautinum
1026 1265 1179 1344 debuitll.
1210 1275 1275 1330 tres
1290 1283 1401 1329 versus

204 1376 362 1441 Astrabae
388 1396 417 1459 p.
441 1377 491 1448 62,
514 1377 554 1439 32
579 1374 770 1439 Corniculae
805 1395 835 1458 p.
860 1376 910 1448 63,
935 1375 971 1438 11
999 1373 1196 1439 Frivolariae
1224 1393 1253 1454 p.
1277 1375 1327 1454 66,
1360 1373 1398 1436 31

206 1486 322 1568 prolati
345 1488 527 1550 exstantia
550 1485 676 1550 duobus
698 1483 912 1567 alphabeticis
935 1483 1100 1549 ordinibus
1129 1483 1209 1549 libro
1233 1485 1333 1566 primo
1353 1482 1400 1547 in-

207 1595 313 1676 sertis,
328 1615 409 1677 quos
421 1594 619 1659 Schmidtius
632 1591 688 1658 ‘de
700 1592 799 1657 Nonii
811 1593 952 1658 Marcelli
968 1593 1154 1658 auctoribus
1170 1581 1402 1675 grammaticis'

205 1724 238 1787 p.
256 1705 315 1767 138
338 1703 550 1788 probabiliter
572 1701 711 1766 coniecit
735 1721 753 1765 e
776 1703 934 1784 glossario
950 1701 1060 1783 aliquo
1082 1699 1255 1765 secundum
1278 1698 1402 1764 litteras

205 1807 377 1874 distributo
409 1808 595 1890 desumptos
629 1827 708 1872 esse.
763 1809 854 1891 ouius
888 1810 999 1892 copias
1023 1829 1040 1874 e
1063 1809 1225 1875 veteribus
1258 1807 1401 1873 fontibus

207 1937 375 1984 emanasse
398 1917 484 1983 haud
500 1937 604 2000 pauca
628 1917 799 1983 ostendunt
814 1920 961 2004 exempla
984 1939 1053 1984 cum
1068 1918 1222 1984 Varronis
1234 1917 1401 1999 Verriique

206 2028 363 2111 exemplis
386 2029 610 2093 convenientia
619 2028 653 2106 2).
687 2027 913 2092 adverbiorum
930 2028 1034 2094 ordini
1058 2029 1132 2093 libri
1150 2029 1181 2092 lI
1204 2027 1314 2093 inserti
1328 2033 1401 2092 sunt

207 2135 269 2201 duo
300 2157 414 2204 vorsus
436 2136 646 2201 Nervolariae
677 2143 710 2202 et
737 2135 928 2202 Corniculae
961 2158 992 2221 p.
1018 2137 1087 2213 127,
1123 2139 1162 2201 25
1193 2137 1318 2218 11147,
1352 2137 1400 2200 27.

210 2245 340 2312 ordines
362 2245 589 2310 adverbiorum
611 2245 684 2309 libri
708 2245 722 2308 l
745 2251 777 2310 11
800 2245 832 2308 ll
852 2265 892 2309 ex
915 2246 1027 2311 eodem
1051 2246 1136 2310 fonte
1163 2266 1226 2328 quc
1249 2245 1402 2312 adverbia

204 2353 287 2418 libro
311 2353 358 2418 IX
394 2351 525 2418 adiecta
555 2351 686 2419 fluxisse
709 2352 919 2436 probabiliter
941 2355 1080 2420 coniecit
1103 2353 1301 2420 Schmidtius
1331 2355 1350 2420 l.
1372 2377 1401 2420 a.

208 2484 239 2546 p.
255 2465 323 2528 118.
348 2462 427 2528 haec
443 2482 512 2527 cum
529 2483 569 2528 ex
584 2463 802 2545 antiquiorum
818 2463 1009 2547 scriptorum
1032 2464 1134 2540 libris,
1156 2463 1262 2542 Probi,
1285 2464 1400 2542 Verrii,

207 2572 370 2651 Varronis,
397 2591 545 2637 manasse
557 2571 726 2638 Charisius
749 2571 897 2638 ostendat
915 2573 984 2645 (cfr.
997 2572 1195 2638 Schmidtius
1210 2575 1228 2637 l.
1245 2594 1274 2639 a.
1291 2565 1322 2656 p.
1337 2574 1400 2656 69),

206 2685 301 2748 etiam
324 2681 381 2747 hos
405 2701 515 2747 versus
539 2701 596 2764 por
621 2680 739 2746 rivulos
763 2680 917 2762 quosdam
942 2680 1068 2762 ignotos
1091 2701 1131 2746 ex
1154 2681 1211 2748 illa
1233 2689 1338 2746 aetate
1369 2684 1399 2746 in

206 2793 305 2857 Nonii
328 2810 408 2875 opus
424 2792 552 2857 venisse
572 2791 748 2857 verisimile
773 2797 830 2856 111.
867 2809 978 2856 omnes
1001 2791 1099 2856 ceteri
1121 2792 1233 2873 paucis
1256 2793 1401 2874 exceptis

204 2920 316 2966 versus
338 2898 518 2968 fabularum
542 2900 783 2983 deperditarum
808 2907 935 2966 exstant
967 2901 999 2963 iu
1030 2900 1183 2981 librorum
1206 2899 1340 2965 secundi
1371 2908 1402 2966 et

205 3010 291 3074 tertii
309 3009 463 3092 partibus,
487 3029 568 3091 quac
586 3010 669 3074 inter
683 3008 829 3093 singulos
846 3009 1144 3075 commentariorum
1160 3009 1291 3074 ordines
1307 3010 1400 3075 inter·

205 3119 330 3200 positae
352 3127 433 3184 sunt
482 3137 562 3200 quas
585 3118 669 3184 unde
691 3120 821 3201 petierit
845 3119 969 3184 Nonius
1007 3117 1091 3184 baud
1115 3117 1245 3183 omnino
1268 3127 1400 3186 cunstat.

204 3233 310 3292 tamen
332 3229 375 3294 ad
403 3229 573 3295 multorum
611 3229 829 3312 exemplorum
857 3230 976 3293 t'ontem
1007 3228 1230 3293 inveniendum
1263 3228 1401 3309 vestigia

204 3335 329 3402 adsunt.
371 3339 1011 3420 111111111111011111111111111111,
1045 3337 1103 3402 sed
1119 3337 1225 3420 plures
1246 3337 1399 3402 11111111-
1442 3401 1445 3407 ,

205 3467 258 3511 111
279 3446 379 3511 libros
408 3447 608 3530 compilavit:
643 3446 791 3514 eGelliu
823 3445 947 3526 aliquot
981 3446 1129 3529 exempla
1152 3447 1293 3527 recepit'
1319 3465 1401 3527 qnae
1483 3471 1487 3480 .

206 3561 392 3621 enumerata
413 3563 487 3621 sunt
509 3555 549 3620 ab
566 3556 696 3621 Hertzio
719 3556 752 3619 in
768 3555 925 3620 Fleckeis.
941 3555 1056 3620 Annal.
1079 3556 1139 3620 vol.
1157 3555 1399 3637 8111716111.

205 3671 237 3727 et
260 3665 320 3728 782
343 3683 413 3747 sqq.
447 3664 535 3731 bisce
568 3665 679 3730 inserti
712 3672 786 3729 sunt
816 3664 879 3730 duo
910 3684 1021 3730 versus
1041 3663 1198 3730 Astrabae
1222 3684 1252 3747 p.
1277 3664 1326 3743 69,
1359 3665 1397 3728 31

307 3964 332 4031 l)
351 3965 411 4019 Hoc
429 3965 465 4018 ob
485 3982 544 4018 eam
557 3982 667 4019 causam
681 3969 836 4019 memoratu
855 3965 969 4034 dignum
985 3964 1106 4022 videtur.
1127 3966 1202 4033 quod
1214 3966 1248 4020 de
1261 3983 1398 4020 commen·

204 4059 282 4113 tariis
298 4059 443 4128 Plautinis,
472 4061 548 4115 cuius
567 4061 712 4130 utriusque
734 4066 860 4116 auctores
880 4061 979 4115 incerti
1000 4061 1094 4130 copias
1113 4061 1181 4115 alibi
1200 4060 1325 4130 repertas
1343 4062 1398 4114 iam

203 4155 326 4211 breviter
349 4157 519 4212 contraxisse
538 4151 676 4227 videntur,
704 4163 736 4212 ut
754 4163 829 4213 recte
849 4158 1000 4213 iudicemus
1020 4177 1076 4212 non
1097 4159 1200 4212 nullam
1220 4157 1304 4212 habet
1324 4135 1398 4210 utili-

204 4256 298 4307 tatem.

303 4350 331 4419 2)
351 4351 406 4404 cfr.
427 4351 605 4406 conticinium
625 4372 650 4423 p.
663 4357 706 4422 62,
726 4354 760 4406 26
779 4371 841 4406 cum
856 4353 935 4406 Varr.
955 4353 989 4406 de
1009 4355 1027 4406 l.
1047 4355 1064 4407 l.
1076 4353 1122 4420 VI,
1143 4355 1168 4420 7,
1187 4352 1398 4422 711191111-

203 4444 271 4499 ficas
288 4464 315 4515 p.
335 4450 378 4511 66,
403 4449 435 4499 el
465 4465 527 4502 cum
547 4448 626 4502 Varr.
645 4450 679 4504 de
699 4451 716 4502 l.
733 4450 749 4502 l.
769 4448 830 4518 vll,
853 4451 887 4502 70
905 4449 984 4503 Paul.
1009 4468 1035 4519 p.
1056 4453 1107 4503 223
1126 4467 1241 4520 grumae
1260 4467 1287 4518 p.
1307 4451 1352 4516 63,
1382 4453 1397 4503 3

204 4559 264 4595 curn
284 4541 362 4598 Paul.
381 4561 408 4612 p.
428 4545 462 4598 96
490 4545 661 4600 luculentum
680 4565 706 4615 p.
723 4549 767 4615 63,
790 4549 819 4599 11
840 4564 903 4602 cum
922 4547 999 4602 Paul.
1020 4565 1047 4616 p.
1064 4549 1115 4600 120
1143 4545 1289 4616 proletarii
1306 4563 1333 4615 p.
1354 4549 1396 4615 67,

206 4639 238 4691 18
257 4655 321 4694 cum
340 4640 417 4694 Paul.
437 4659 464 4710 p.
484 4642 546 4694 226.
