3578 5338
734 470 910 522 ,ῃ-

661 665 838 732 XXXVIII
857 667 905 747 (B.
929 665 984 748 39)

374 797 434 860 ego
457 776 505 840 illi
526 795 647 842 ueneer

740 915 889 982 XXXIX

373 1027 490 1093 Vindm
514 1046 692 1112 precamur.
735 1001 810 1092 narn
833 1027 885 1094 hic
907 1025 986 1093 deus
1012 1007 1171 1111 praesens
1188 1028 1289 1094 adest.

794 1169 851 1235 XL

373 1308 508 1342 ν
542 1281 637 1362 siqua
670 1279 752 1345 forte
786 1277 892 1346 contio
926 1286 983 1362 est,

373 1388 434 1453 Vbi
458 1387 528 1454 dum
552 1388 674 1454 hietare
697 1388 838 1455 nondum
860 1387 904 1453 mi
928 1388 1120 1454 inurentem
1145 1387 1241 1454 uenit.

319 1696 496 1764 XXXVIII
519 1697 692 1764 Diomedes
714 1718 745 1782 p.
766 1699 836 1777 368,
861 1698 901 1762 25
920 1699 959 1763 K.
981 1704 1029 1764 est
1051 1703 1158 1763 tamen
1182 1696 1269 1782 apud
1292 1704 1416 1764 veteres

221 1830 367 1876 veneor
388 1815 420 1874 ot
443 1806 628 1875 venditus
652 1828 741 1884 sum,
767 1813 798 1874 et
820 1807 909 1892 opud
930 1808 1093 1874 Plautum:
1118 1827 1178 1891 ego
1201 1829 1228 1873 e.
1252 1828 1282 1889 q.
1302 1828 1327 1873 s.

318 1943 463 2010 XXXIX
485 1940 659 2009 Diomedes
683 1964 713 2024 p.
730 1943 802 2017 458,
818 1944 859 2006 23
873 1943 912 2008 K.
936 1994 964 2008 ..
983 1991 990 2006 .
1006 1943 1074 2008 vult
1091 1943 1176 2008 enirn
1190 1963 1247 2027 per
1268 1942 1417 2008 Cererem

221 2073 334 2136 panem
359 2053 507 2134 intelligi,
530 2071 587 2136 por
616 2051 799 2118 Liberum
828 2049 975 2134 uinum,
1003 2071 1060 2135 por
1082 2051 1239 2117 Venerem
1268 2051 1417 2117 concubi-

220 2169 302 2227 tum:
325 2184 383 2245 per
404 2165 566 2227 inventum
589 2161 808 2228 subiectumve
838 2162 1035 2227 inventorem
1062 2160 1320 2227 dominantemve
1353 2160 1414 2226 sic:

221 2272 328 2336 vinum
351 2291 378 2338 e.
401 2291 428 2354 q.
453 2291 476 2336 s.
522 2271 653 2337 Servius
676 2268 719 2335 ad
739 2269 817 2335 Aen.
843 2270 868 2351 I,
888 2270 948 2333 724
970 2274 1000 2334 et
1022 2269 1099 2334 vina
1121 2276 1288 2348 coronant3
1324 2271 1416 2335 vinu

221 2403 278 2465 pro
302 2382 458 2464 poculis
482 2381 600 2466 posuit,
623 2386 655 2446 ct
676 2386 725 2445 est
739 2387 849 2462 tropus
864 2378 1076 2464 synecdoche,
1103 2385 1139 2445 ut
1159 2379 1309 2445 Cererem
1332 2378 1414 2444 dici·

221 2511 291 2556 mus
326 2511 384 2575 pro
418 2492 585 2557 frumento.
630 2489 677 2556 sio
709 2490 856 2555 Plautus:
889 2489 997 2554 vinum
1026 2508 1052 2554 e.
1080 2509 1111 2571 q.
1139 2509 1165 2554 s.
1210 2489 1330 2554 Donati
1351 2489 1414 2554 Ars

220 2621 320 2685 gram.
343 2619 373 2682 p.
387 2601 458 2676 400,
482 2599 556 2664 VK.
571 2597 767 2680 metonymia
788 2604 837 2664 ost
854 2596 978 2675 [dictio]
1002 2597 1161 2680 quaedam
1185 2597 1286 2664 veluti
1312 2605 1412 2664 truns-

220 2709 405 2775 nominatio.
450 2710 544 2775 huius
576 2707 695 2774 multae
729 2714 802 2774 sunt
822 2707 957 2790 speeies.
1003 2713 1059 2774 aut
1080 2708 1166 2772 enim
1190 2726 1248 2792 per
1272 2706 1307 2772 id
1328 2706 1414 2790 quod

222 2820 365 2885 eontinet
397 2819 429 2884 id
462 2818 548 2902 quod
579 2819 760 2885 continetur
781 2815 930 2895 ostendit,
962 2824 997 2885 ut
1015 2807 1126 2883 ‘nnuc'
1148 2865 1156 2881 .
1179 2867 1186 2881 .
1211 2865 1218 2881 .
1260 2823 1317 2883 aut
1342 2836 1413 2884 oon-

219 2935 269 2993 tra
290 2935 325 2995 ut
343 2922 437 2994 ‘uiua
459 2919 629 2994 coronant''
651 2932 706 2993 aut
727 2947 785 3011 per
806 2929 1002 2992 inventorem
1018 2925 1053 2990 id
1075 2925 1162 3008 quod
1178 2927 1341 2992 inventum
1366 2932 1414 2993 est

222 3037 390 3118 [ostendit]
420 3044 454 3102 ut
475 3028 565 3102 ‘sine'
581 3086 586 3100 .
602 3085 628 3100 ..
665 3043 720 3102 aut
746 3043 857 3102 contra
878 3044 913 3102 ut
937 3025 1068 3101 ‘vinum'
1091 3055 1118 3100 e.
1144 3055 1173 3118 q.
1200 3057 1225 3102 s.
1265 3027 1412 3119 Pompeii

220 3147 339 3214 Oomm.
362 3168 392 3230 p.
416 3147 488 3226 307,
511 3145 583 3210 VK.
618 3152 675 3211 aut
696 3146 737 3210 ab
761 3147 926 3211 inventore
956 3144 990 3212 id
1013 3146 1098 3228 quod
1121 3147 1283 3212 inventum
1308 3151 1414 3211 estut

216 3247 308 3322 ‘sine'
330 3306 338 3320 .
362 3304 401 3319 ..
455 3260 511 3320 aut
540 3274 557 3319 e
589 3254 758 3328 contrario,
793 3253 828 3318 id
854 3260 903 3320 est
922 3247 1061 3320 ‘vinum'
1087 3276 1113 3322 e.
1137 3276 1166 3338 q.
1190 3275 1215 3321 s.
1269 3253 1412 3320 Isidorus

220 3366 308 3449 Orig.
325 3367 351 3446 1,
373 3366 423 3448 37,
446 3365 514 3430 9at
537 3369 648 3430 contra
670 3382 727 3445 per
750 3363 914 3430 inventurn
929 3365 1124 3429 inventorem
1151 3364 1356 3440 demonstrat,
1379 3367 1412 3427 ut

219 3473 342 3540 ‘vinum
358 3464 541 3558 precamur'
562 3493 620 3557 pro
636 3470 788 3557 Libero,
810 3473 864 3556 qui
876 3475 1007 3540 vinum
1022 3472 1111 3557 apud
1121 3473 1263 3540 Graecos
1279 3472 1410 3538 invenit.

316 3609 372 3673 XL
394 3607 568 3674 Diomedes
584 3628 615 3691 p.
631 3608 702 3688 345,
718 3607 737 3670 4
751 3608 790 3672 Κ.
814 3605 928 3672 hiare
951 3614 983 3672 et
1005 3607 1163 3672 histere
1185 3613 1309 3672 veteres
1322 3606 1410 3673 dixe·

219 3725 300 3784 runt.
342 3718 475 3784 Plautus
505 3718 664 3801 (plaustus
685 3717 720 3782 B
751 3717 878 3800 plautus
901 3722 966 3782 cett.
990 3718 1075 3781 omis.
1098 3710 1294 3798 Putsoiriuo):
1319 3718 1412 3800 siqua

219 3847 245 3893 e.
267 3847 296 3910 q.
319 3847 343 3894 s.

217 4144 271 4182 esse
298 4127 411 4182 videtur.
448 4127 479 4182 de
507 4127 636 4181 donicum
664 4127 715 4194 cfr.
743 4126 886 4182 Bitscheio'i
910 4125 1068 4196 opuscul
1082 4143 1112 4196 p.
1130 4131 1191 4182 241.
1283 4130 1336 4184 265
1361 4130 1410 4197 cfr.

216 4223 396 4279 Buechelcrus
415 4223 488 4276 Mus,
508 4222 593 4277 Rheso.
614 4223 770 4278 XXXVII
785 4240 812 4292 p.
831 4226 891 4278 517.
961 4225 1014 4277 266
1033 4241 1120 4294 egone
1139 4243 1160 4283 ς.
1227 4228 1280 4279 267
1298 4243 1410 4294 praeca·

217 4337 279 4373 mur
298 4320 389 4391 Diom.
407 4321 444 4373 M
458 4337 606 4388 precamur
626 4321 653 4373 B
672 4337 816 4389 precemur
836 4339 848 4378 ς
866 4336 1011 4388 precemur
1029 4319 1101 4376 Sero.
1110 4321 1186 4375 codd.
1206 4325 1337 4390 precatur
1350 4322 1410 4376 Do·

215 4416 278 4469 uoti
294 4415 316 4469 S
331 4432 477 4484 precamur
496 4431 517 4468 s.
536 4415 628 4484 Pomp.
649 4417 675 4468 P
697 4415 853 4484 (precemur
873 4417 946 4484 cett.)
965 4415 1100 4471 Isidorus.
1158 4419 1210 4470 268
1230 4417 1326 4472 concio
1348 4418 1375 4471 B

216 4513 268 4565 269
292 4529 355 4565 eum
377 4511 452 4565 codd.
478 4511 601 4565 nondum
626 4511 656 4564 in
679 4511 754 4566 codd.
778 4512 900 4566 nondum
925 4513 964 4565 mi
987 4513 1017 4566 in
1035 4513 1213 4568 Buechelerus
1232 4519 1324 4568 mente
1344 4514 1414 4568 Am

216 4609 293 4662 venit
321 4607 397 4662 codd.
433 4608 541 4664 venerit
574 4607 732 4677 Speoqelius
764 4607 860 4664 Caecil.
891 4608 960 4663 Stat.
989 4609 1088 4680 froym.
1114 4627 1143 4679 p.
1162 4613 1205 4665 58.
1241 4627 1289 4666 cur
1318 4627 1410 4666 versuo
