3578 5336
758 419 914 470 ..5-

238 610 336 673 opere
364 587 567 672 sumptum).
607 587 782 670 ‘eidemque
810 588 932 655 auctori
961 588 1073 654 debuit
1096 589 1158 654 tria
1181 589 1323 654 incertae
1345 591 1432 656 sedis

236 700 425 781 fragmenta,
461 717 542 780 quae
565 697 692 763 exbibet
725 697 779 770 IV,
803 699 831 774 7,
856 699 883 775 l,
917 697 973 762 ubi
995 697 1093 763 Probi
1124 717 1238 763 nomen
1271 697 1432 764 adiectum

237 817 295 886 est,
319 815 350 872 et
373 807 494 885 XVIII,
510 808 557 885 12,
571 809 590 870 3
604 817 635 870 et
647 805 712 888 42).
757 807 788 871 iu
805 807 1017 871 recentiorum
1032 813 1138 872 autem
1152 807 1431 889 grammaticorum

239 917 330 982 librIs
365 917 420 999 qui
454 915 553 980 adlati
588 922 661 980 sunt
694 933 805 980 versus
838 915 906 979 iere
935 935 1042 980 omnes
1069 914 1229 980 fluxerunt
1250 935 1267 980 e
1290 915 1432 982 fontibus

237 1027 359 1090 saeculi
382 1045 412 1108 p.
436 1023 509 1090 (lbr.
530 1023 635 1107 primi,
661 1023 694 1088 id
716 1023 802 1106 quod
826 1023 866 1090 de
887 1025 1034 1107 plurImis
1056 1029 1144 1089 certo
1167 1025 1275 1105 statui,
1297 1024 1337 1090 de
1358 1027 1431 1090 reli·

237 1135 310 1216 quis
334 1133 545 1218 probabiliter
567 1133 671 1198 conici
698 1133 781 1197 licet.
828 1133 988 1198 dubitatio
1020 1134 1053 1197 in
1077 1133 1176 1198 Gellii
1209 1135 1309 1200 verba
1343 1142 1432 1200 mota

122 1329 126 1334 Ι
237 1253 372 1326 augetur
393 1263 441 1318 eo,
461 1241 545 1324 quod
558 1241 768 1306 Neruolariae
790 1261 910 1318 versus,
932 1261 1026 1324 quem
1045 1241 1148 1307 adfert
1160 1241 1352 1320 GelliusIlL
1365 1245 1394 1325 3,
1403 1245 1432 1325 t,

237 1355 322 1419 idem
346 1358 451 1418 exstat
473 1351 506 1417 iu
518 1350 672 1416 Varronis
686 1350 726 1416 de
742 1352 764 1414 l.
778 1353 797 1415 l.
814 1351 886 1432 Vll,
899 1353 948 1414 65.
993 1353 1120 1432 qualem
1142 1371 1331 1418 consensum
1354 1371 1431 1419 casu

236 1464 356 1527 factum
389 1481 461 1526 esse
493 1461 549 1525 vix
580 1460 637 1526 tibi
670 1459 877 1544 persuadeas,
913 1467 998 1526 certe
1021 1462 1120 1525 multo
1143 1461 1350 1528 verisimilius
1373 1471 1431 1539 est,

238 1572 410 1636 Varronem
434 1570 517 1636 sicut
537 1570 571 1635 in
586 1571 700 1654 paucis
716 1570 808 1634 libris
825 1571 918 1635 nobis
935 1569 1071 1636 servatis
1088 1591 1149 1634 non
1166 1589 1335 1653 numquam
1355 1592 1431 1638 eun-

236 1679 308 1744 dem
336 1699 464 1744 versum
493 1679 544 1745 bis
572 1680 689 1763 posuit,
727 1677 936 1742 Nervolariae
964 1698 1090 1744 versum
1111 1680 1206 1744 etiam
1229 1680 1262 1743 in
1285 1680 1367 1745 libro
1391 1681 1431 1746 de
1458 1744 1470 1766 ,

237 1789 413 1853 comoediis
426 1787 583 1852 Plautinis
607 1787 762 1870 inscripto
785 1806 979 1853 memorasse
1001 1807 1137 1869 eumque
1157 1807 1198 1853 ex
1220 1789 1431 1854 bocGellium

237 1899 456 1982 exscripsIsse.
500 1917 582 1979 quae
606 1899 633 1962 si
654 1903 739 1962 recte
760 1897 935 1981 disputavi,
958 1897 1056 1975 Gellii
1079 1898 1119 1962 de
1142 1897 1270 1979 fabulis,
1293 1919 1373 1980 quas
1395 1919 1430 1966 se

236 2007 400 2073 lectitasse
423 2007 580 2090 gloriatus
597 2015 645 2072 est
660 2007 753 2089 qnasi
779 2007 866 2090 ipsas
889 2006 1075 2090 inspexerit,
1098 2006 1178 2072 fides
1200 2006 1294 2072 valde
1315 2008 1430 2073 debili·

236 2123 331 2180 tatnr.
376 2135 480 2199 neque
503 2117 600 2199 igitur
614 2115 781 2181 Ritscbelii
797 2115 1065 2197 argumentationi
1082 2116 1274 2198 adstipulari
1291 2136 1429 2202 possum.

237 2245 339 2307 neque
364 2225 515 2290 Boeotiae
538 2245 659 2306 versus,
682 2225 802 2308 quippe
825 2244 905 2306 quos
925 2224 1122 2290 Ribbeckins
1145 2226 1335 2290 comicorum
1359 2227 1429 2291 reli·

236 2336 319 2416 quiis
345 2334 525 2411 inseruerit,
551 2336 633 2398 inter
655 2334 836 2415 fragmenta
854 2333 1001 2398 Plautina
1023 2335 1141 2416 recepi,
1164 2354 1236 2400 cum
1258 2333 1298 2400 de
1320 2355 1430 2400 eorum

236 2444 371 2526 origine,
395 2451 547 2526 quantum
571 2443 676 2523 video,
698 2461 782 2506 nunc
805 2442 933 2524 quidem
957 2441 1087 2507 decerni
1110 2463 1173 2508 non
1196 2444 1259 2508 iarn
1281 2443 1387 2509 liceat.

336 2553 515 2617 Titulorum
542 2551 723 2616 fabularum
752 2549 990 2633 deperditarum
1023 2552 1177 2634 plurimos
1199 2551 1330 2616 avitiis
1363 2551 1429 2617 edi·

235 2668 336 2725 torum
348 2659 543 2726 Ritscbelius
564 2661 694 2745 egregie
711 2661 878 2743 liberavit,
902 2661 949 2726 ita
973 2665 1007 2724 ut
1029 2681 1132 2744 pauca
1154 2666 1275 2725 tantum
1298 2667 1434 2738 restent,

235 2789 318 2851 quae
344 2770 513 2836 addantur.
558 2771 722 2855 Pagonem
753 2772 878 2836 titulum
908 2772 1032 2853 integre
1041 2771 1067 2850 3)
1097 2769 1250 2834 traditum
1272 2776 1306 2834 nt
1328 2775 1426 2834 mute·

235 2898 304 2944 mus
328 2878 456 2945 efficere
479 2901 541 2945 non
563 2887 667 2965 potest
689 2882 745 2945 illa
768 2883 821 2946 lex
846 2879 1055 2946 aRitschelio
1076 2880 1117 2945 de
1137 2879 1300 2944 titulorum
1316 2880 1427 2945 formis

235 2988 350 3071 posita.
393 3009 498 3070 neque
517 2995 694 3054 ceterorum
710 2990 850 3055 virorum
869 2990 1034 3055 doctorum
1051 2989 1285 3066 coniecturas4)
1307 2987 1428 3053 babent

236 3098 333 3162 ollam
357 3097 617 3181 probabilitatem
640 3119 744 3181 neque
767 3099 890 3164 Loewii
909 3097 1019 3163 Prodr.
1040 3118 1070 3181 p.
1083 3099 1152 3178 292,
1186 3099 1241 3179 qui
1256 3097 1427 3180 Lipargum

234 3207 361 3271 titulum
384 3206 544 3272 Prisciani
568 3208 583 3272 I
604 3227 634 3290 p.
657 3208 717 3271 522
747 3207 898 3272 traditum
923 3208 956 3270 iu
979 3207 1142 3288 Arpagum
1170 3212 1324 3271 mutatum
1354 3225 1425 3271 cum

234 3316 294 3380 boc
323 3335 515 3400 componens
543 3337 560 3382 e
582 3315 735 3382 Varronis
762 3316 813 3381 ‘in
842 3335 979 3399 pagone:
1009 3315 1109 3380 bonos
1133 3321 1319 3398 synceraato
1343 3313 1428 3397 perit

234 3428 341 3508 pernis
379 3421 526 3506 glandio’
568 3426 648 3491 talia
685 3424 810 3490 effinxit
839 3419 887 3489 ‘in
924 3417 1059 3508 arpago:
1101 3430 1206 3490 metuo
1243 3443 1283 3488 ne
1326 3422 1425 3488 bonos

233 3540 420 3616 syncerasto
442 3540 553 3617 pereat
574 3534 682 3617 pernis
705 3523 860 3617 glandIo’.

332 3637 394 3707 Pr'o
419 3643 610 3718 Cacistione‚
634 3641 760 3725 quode
784 3641 963 3710 Cesistione
987 3643 1020 3707 in
1043 3643 1196 3706 Varronis
1219 3639 1330 3706 codice
1353 3640 1425 3706 Flo-

334 3843 360 3911 1)
380 3843 435 3898 Gir.
445 3843 625 3903 Mercklinius
642 3843 671 3896 in
683 3842 816 3898 Fleckeis.
827 3845 928 3897 Annal.
949 3843 1037 3911 suppl.
1048 3842 1089 3896 ΙΙΙ
1099 3860 1125 3912 p.
1136 3843 1196 3910 652,
1214 3841 1425 3898 Kretschmerus

232 3941 250 3992 l.
270 3958 292 3994 c.
312 3957 337 4007 p.
352 3942 395 4004 84,
414 3940 543 4008 Steupius
562 3941 596 3994 de
615 3940 714 3994 Probis
733 3941 923 4010 grammaticis
944 3958 971 4009 p.
993 3939 1052 3995 199.
1146 3986 1149 3991 .

330 4038 359 4100 2)
378 4021 434 4094 Ctr.
454 4037 665 4090 Kretscbmerus
694 4039 714 4090 l.
729 4057 753 4091 a.
772 4055 799 4106 p.
818 4039 861 4104 88,
891 4036 1020 4104 Steupius
1047 4037 1065 4090 l.
1084 4055 1108 4090 a.
1128 4054 1154 4106 p.
1170 4037 1228 4090 196.
1249 4066 1281 4074 -
1301 4035 1426 4090 Ritscbe-

233 4133 285 4186 lius
305 4134 417 4202 Parerg.
437 4151 464 4202 p.
487 4133 534 4186 131
555 4133 636 4186 nimis
656 4134 789 4188 benevole
814 4137 846 4186 ut
875 4133 974 4202 opinor
1002 4133 1036 4187 de
1056 4132 1139 4187 Gellii
1165 4133 1263 4187 studiis
1291 4130 1425 4186 iudicavit
1476 4189 1480 4198 ,

232 4230 369 4284 coniciens
394 4249 456 4284 eum
473 4230 607 4285 Varronis
631 4231 803 4300 praescripta
821 4232 905 4284 etiam
924 4230 959 4284 ad
978 4211 1085 4284 ceteros
1106 4248 1174 4299 quos
1193 4229 1296 4283 adtulit
1313 4234 1425 4298 praeter

231 4327 280 4394 ΙΙΙ,
301 4329 316 4380 3
337 4328 494 4381 fabularum
515 4329 707 4398 ambiguarum
726 4345 820 4382 versus
838 4327 1004 4400 adhibuisse.

330 4427 357 4492 3)
377 4423 434 4478 Gir.
449 4423 595 4478 Ribbeckii
614 4425 689 4479 Gom.
711 4425 759 4478 lat.
779 4425 878 4494 fragm.
897 4424 992 4479 coroll·
1013 4443 1040 4494 p.
1061 4422 1168 4492 Clllsq.

330 4521 356 4588 4)
375 4521 498 4591 Paplago
517 4521 636 4576 coniecit
654 4522 784 4576 Hertzius
814 4521 941 4576 Ramcnt.
964 4521 1033 4576 Gall.
1052 4526 1138 4576 mant.
1162 4539 1190 4590 p·
1210 4521 1253 4588 20,
1273 4519 1349 4574 Pbao
1373 4520 1424 4574 La·

231 4618 364 4688 dewigius
382 4619 464 4672 Anal.
483 4633 554 4672 scen.
566 4633 593 4684 p.
616 4618 656 4671 13.
