3578 5338
710 477 886 532 ..73-

675 662 764 729 XLV
785 663 833 740 (B.
856 665 912 741 67)

351 775 448 840 reboo
598 864 602 870 1

671 873 777 941 XLVI
797 876 845 956 (Β.
868 877 924 958 26)

202 1002 263 1066 275
354 1002 485 1084 glirium
507 1002 659 1067 examina

671 1134 792 1201 XLVII
813 1135 861 1220 (B.
883 1137 937 1218 28)
1086 1215 1089 1224 γ

351 1289 371 1324 ,ι
394 1261 472 1347 quid
492 1264 707 1329 murmurillas
730 1270 834 1329 tecum
855 1270 886 1329 et
911 1265 942 1328 tc
964 1261 1142 1329 discrucias
1157 1291 1217 1324 r.-

730 1389 869 1454 XLVIII

355 1515 472 1582 Levior
494 1535 529 1582 cs
551 1536 656 1599 qnam·
668 1515 794 1600 tippula
809 1567 815 1581 .
833 1567 840 1582 .
858 1570 864 1582 .

670 1667 780 1734 XLIX
802 1669 850 1744 (B.
874 1669 928 1752 38)

352 1775 552 1860 penitissime

205 2025 415 2107 praesepis
438 2022 626 2090 declinatur.
661 2045 734 2090 nam
759 2025 845 2108 qnod
869 2025 1003 2091 Plautus
1024 2024 1120 2090 ‘baec
1135 2044 1308 2108 praesepos
1325 2044 1401 2089 mea

205 2123 269 2197 cst'
299 2153 416 2216 genere
439 2132 602 2212 feminino,
638 2135 718 2200 sicut
747 2134 834 2218 apud
858 2134 1011 2217 Graecos,
1045 2135 1221 2200 auctoritas
1244 2139 1302 2216 cst,
1336 2153 1399 2198 non

204 2240 296 2307 ratio.
330 2241 413 2306 idem
434 2245 534 2308 castrt
555 2263 605 2324 op.
633 2242 710 2308 Mar.
732 2242 814 2308 Plot.
836 2243 964 2310 Sacerd.
987 2263 1018 2327 p.
1041 2244 1112 2324 472,
1135 2245 1175 2308 25
1193 2243 1233 2306 Κ.

305 2350 393 2414 XLV
415 2350 536 2416 Probus
560 2350 684 2416 Cathol.
707 2371 736 2435 p.
759 2352 809 2432 38,
831 2352 870 2415 31
888 2352 926 2416 K.
956 2352 1055 2436 Igitur
1077 2349 1164 2434 quod
1186 2351 1320 2416 Plautus
1343 2371 1397 2435 po-

186 2459 270 2526 'suit
289 2459 421 2544 reboo,
455 2480 518 2526 non
541 2461 640 2526 latine
663 2459 720 2526 sed
735 2480 851 2543 graece
870 2461 986 2544 posuit,
1008 2461 1080 2540 βοῶ
1094 2460 1186 2547 βοᾷς,
1207 2459 1292 2526 unde
1315 2459 1398 2525 deri·

205 2571 345 2636 uotiuum
368 2570 465 2636 reboo
486 2571 610 2636 roboas.

301 2679 407 2746 XLVI
431 2679 555 2745 Nouius
577 2700 606 2762 p.
634 2680 702 2764 119,
724 2683 765 2744 23
787 2681 830 2746 M.
853 2680 934 2764 glis
956 2681 1170 2747 nominativus
1185 2681 1226 2746 ab
1242 2701 1290 2762 eo,
1314 2681 1400 2763 quod

206 2796 278 2854 sunt
300 2789 431 2872 glires.
475 2788 632 2855 Laberius
655 2809 682 2854 c.
706 2808 736 2871 q.
759 2809 784 2854 s.
829 2788 964 2854 Plautus
991 2789 1141 2872 genetivo
1171 2789 1306 2873 plurali:
1338 2788 1398 2872 gli·

206 2899 288 2965 rium
310 2898 469 2964 examina.
863 2908 866 2915 '

305 3006 430 3072 XLVII
451 3008 575 3102 Nonius
592 3028 621 3090 p.
643 3009 712 3084 142,
734 3011 774 3073 33
790 3008 830 3074 Μ.
853 3009 1160 3088 murmurillum,
1183 3007 1399 3074 murmuratio.

207 3118 340 3183 Plautus
362 3114 523 3182 Rudente:
547 3117 621 3182 nolo
639 3137 665 3182 e.
689 3137 719 3200 q.
743 3116 892 3182 sidem:
916 3116 996 3200 qnid
1019 3138 1046 3183 e.
1070 3137 1099 3200 q.
1122 3137 1146 3182 s

306 3225 444 3291 XLVIII
467 3225 591 3292 Nonius
615 3246 646 3308 p.
672 3227 740 3308 180,
763 3225 839 3290 9Μ.
862 3228 1024 3310 tIppula
1051 3228 1169 3291 animal
1191 3226 1401 3307 levissimum,

207 3334 292 3417 quod
313 3356 413 3418 aquas
434 3357 496 3402 non
513 3334 629 3418 nando,
653 3335 711 3400 sed
727 3334 905 3418 gradiendo
927 3342 1078 3402 transeat.
1122 3337 1224 3402 Varro
1240 3336 1400 3402 Bimarco:

207 3451 241 3510 ut
263 3446 344 3510 levis
367 3465 393 3510 e.
418 3466 446 3528 q.
469 3467 493 3511 s.
529 3445 678 3512 Plautus:
701 3445 851 3512 leviore.
876 3466 908 3528 q.
931 3465 955 3512 s.

306 3555 416 3620 XLIX
438 3555 563 3622 Nonius
584 3577 615 3640 p.
639 3556 710 3634 217,
734 3555 774 3620 14
797 3555 838 3619 Μ.
867 3555 1061 3639 posticam
1095 3554 1249 3622 feminino
1282 3576 1400 3639 genere

207 3663 438 3730 consuetudine
461 3665 670 3748 appellamus.
705 3663 846 3729 Lucilius
870 3686 897 3730 e.
921 3685 950 3747 q.
974 3685 997 3730 s,
1033 3649 1134 3730 Varro
1161 3663 1400 3754 ΤαφῇΜενίπ-
1475 3671 1478 3677 ’

209 3796 289 3839 nov:
327 3773 470 3857 perrexit
505 3769 561 3859 [in]
591 3773 758 3841 interiores
793 3778 902 3857 partes
933 3771 1058 3838 domnis
1092 3773 1248 3856 posticae,
1293 3779 1327 3840 ut
1355 3774 1402 3840 ait

209 3883 351 3957 Plautus,
374 3881 669 3966 penitissimas.

208 4136 236 4174 rc
251 4118 346 4189 posuit
363 4135 469 4174 versam
489 4115 660 4172 Curculionis
678 4119 720 4187 II,
740 4123 764 4186 1,
784 4123 818 4173 13
836 4119 903 4186 quin
923 4118 1059 4187 reciperet
1078 4137 1107 4173 se
1121 4119 1262 4174 hucesum
1274 4120 1311 4174 ad
1323 4137 1401 4188 prae·

209 4234 302 4285 sepem
320 4233 406 4270 suam.
438 4214 475 4269 asi
493 4214 564 4284 quod
582 4217 728 4284 exemplum
747 4215 833 4270 acacio
852 4231 889 4269 aa
907 4215 971 4270 boec
989 4231 1092 4284 quoque
1104 4216 1256 4270 revocanda
1275 4216 1332 4268 sint
1348 4215 1401 4282 itu,

210 4314 284 4382 quod
304 4313 418 4367 Plautus
439 4313 507 4366 haec
525 4319 669 4382 praesepcs
683 4331 747 4368 usus
760 4313 809 4368 est'
828 4313 934 4368 Kellios
1006 4315 1058 4365 274
1080 4314 1130 4381 cfr.
1144 4314 1210 4367 boat
1220 4313 1319 4380 Ampb.
1332 4315 1401 4366 232.

210 4411 262 4464 277
272 4413 313 4464 est
323 4409 512 4480 Quicbcruta'us
523 4408 632 4476 tippula
641 4409 717 4462 codol.
730 4408 819 4462 Nonii
831 4415 856 4463 ct
868 4409 951 4464 Pauli
959 4426 988 4477 p.
1004 4413 1067 4476 366,
1077 4412 1100 4463 5.
1120 4411 1171 4476 cfr.
1185 4403 1350 4461 Ritsoltsls'as
1364 4404 1401 4457 ad

212 4508 308 4562 Persae
318 4523 340 4561 c.
349 4508 411 4562 244.
427 4505 560 4562 Vahlenus
570 4504 686 4560 Oorrmct.
696 4505 727 4559 ia
742 4505 872 4561 Vurroac's
881 4511 969 4560 *saruc
980 4523 1008 4576 p.
1021 4510 1072 4560 136
1082 4523 1113 4575 sq
1131 4503 1233 4572 tipulla
1245 4501 1285 4556 nel
1294 4501 1399 4571 tippul-

210 4605 238 4659 la
247 4603 365 4674 Scolipcr
377 4603 531 4658 Mosllrrus.
553 4603 602 4670 cfr.
614 4603 702 4672 plosso
712 4603 834 4672 tippula:
854 4603 954 4656 vermis
964 4601 1108 4670 aquaticus
1127 4601 1157 4654 iu
1178 4598 1281 4654 Locsss'c‘
1300 4597 1400 4652 Prodr.

207 4705 310 4772 12289.
342 4715 405 4778 γειιν
414 4717 518 4755 cosam
526 4699 687 4771 firopmcrctt's
701 4700 886 4756 adcczsoerim
898 4699 995 4770 lepitur
1005 4716 1034 4768 p.
1045 4702 1087 4753 17.
1159 4695 1211 4750 273
1230 4693 1402 4766 penitissime
