3578 5338
714 448 888 506 -61..

673 617 735 685 XV
757 617 817 699 (St.
835 617 926 699 XVI)

352 709 505 798 Xiusdem
528 728 677 798 Baeohat
697 730 842 796 fecerunt
862 725 1002 796 nostram
1024 747 1138 796 navem
1161 725 1347 796 Pentheum.

361 940 368 964 ¹
658 865 737 932 XVI
758 864 819 942 (St
841 864 949 942 XVII)

353 977 508 1062 Inopiam,
529 975 658 1055 loetum,
681 993 870 1056 maerorem,
884 974 1117 1059 paupertatem,
1133 972 1251 1058 algrini,
1265 974 1392 1040 Iamern.

637 1111 733 1177 XVII
755 1110 814 1194 (st.
838 1109 964 1191 XVIII)

356 1219 507 1307 Paupera
528 1218 610 1287 haee
628 1239 680 1287 res
701 1226 751 1286 est

648 1355 760 1420 XVIII
782 1355 843 1438 (st.
862 1353 955 1436 XIX)

205 1465 266 1530 215
354 1466 438 1532 Nam
460 1463 571 1532 audivi
593 1463 746 1530 seminam
772 1466 832 1547 ego
854 1463 978 1530 leonem
1001 1463 1101 1530 semel
1122 1465 1230 1551 parire
1251 1491 1313 1527 ae-

672 1595 749 1662 XIX
774 1596 835 1680 (St.
857 1598 936 1678 XX)

355 1705 417 1772 Vbi
440 1705 600 1790 quemque
624 1702 739 1789 pedem
761 1702 897 1786 viderat,
921 1703 1140 1776 suffurabatur
1159 1702 1272 1772 omnis.

306 1989 367 2056 XV
398 1989 619 2056 PrisoIanusI
652 2008 684 2073 p.
706 1989 778 2063 299,
803 1989 895 2054 1511.
930 1990 1091 2056 iuventtur
1127 1998 1234 2057 tamen
1268 1992 1302 2058 iu
1337 2013 1396 2060 usu

208 2102 306 2169 etiarn
338 2101 371 2166 in
402 2099 482 2166 ‘um’
515 2100 720 2166 aecusativus
752 2098 973 2166 huiuscemodi
1006 2099 1241 2166 nominum...
1262 2101 1398 2170 Plautus

207 2209 241 2276 in
262 2209 446 2276 Vidularia:
470 2208 616 2275 eiusdem
637 2229 664 2275 e.
687 2230 716 2292 q.
739 2228 763 2274 s.

305 2319 384 2385 XVI
413 2313 643 2385 Priscianusl
676 2337 707 2401 p.
736 2319 808 2400 235,
838 2317 919 2382 4Η.
957 2319 1071 2402 algor
1106 2319 1274 2402 algoris,
1311 2320 1398 2405 quod

207 2430 302 2496 etiam
336 2429 398 2495 hio
428 2430 542 2512 algus
569 2425 682 2494 huius
708 2427 822 2512 algus
849 2427 974 2494 dieitur.
1019 2427 1152 2494 Plautus
1174 2429 1205 2493 in
1229 2428 1398 2496 Vidularia

207 2538 403 2624 (Viduilaria
424 2537 453 2603 R
475 2521 637 2604 vidtlaria
664 2537 744 2616 Dd):
768 2535 912 2619 inopiam
935 2557 962 2603 e.
985 2555 1015 2620 q.
1039 2557 1063 2602 s.
1110 2537 1166 2618 cfr.
1189 2537 1204 2600 I
1226 2557 1257 2621 p.
1282 2539 1342 2602 192
1358 2539 1398 2604 Η.
1506 2599 1509 2606 .

306 2648 400 2714 XVII
422 2643 636 2713 Priscianusl
658 2665 689 2730 p.
703 2647 772 2725 152,
793 2647 813 2710 8
829 2645 867 2710 H.
892 2666 1038 2731 pauper
1052 2647 1143 2711 ouius
1159 2645 1347 2712 femininum
1362 2647 1396 2712 iu

206 2777 228 2822 a
259 2767 385 2840 quoque
418 2754 628 2822 vetustissimi
660 2754 875 2838 proferebant.
934 2751 1067 2821 Plautus
1092 2755 1125 2819 in
1146 2754 1316 2821 Vidularia
1338 2756 1399 2836 (vi-

207 2867 325 2933 tularia
346 2865 400 2947 L):
423 2885 567 2952 paupera
589 2885 615 2932 e.
635 2885 665 2949 q.
688 2885 711 2931 s.
755 2864 880 2930 Probus
895 2863 1016 2930 Cathol.
1034 2885 1064 2948 p.
1090 2865 1139 2947 16,
1160 2865 1197 2929 13
1213 2865 1252 2928 Κ.
1277 2864 1396 2930 dieitur

207 2981 240 3041 et
261 2973 358 3041 haee
375 2994 560 3064 paupera.
603 2974 751 3041 Plautus:
775 2993 969 3060 pauperae.
992 2994 1022 3057 q.
1045 2994 1069 3040 s.
1488 3053 1490 3055 ¹

305 3083 417 3150 XVIII
441 3082 665 3168 PhilargyrIus
688 3083 721 3148 in
736 3083 875 3169 Vergilii
890 3083 997 3150 eol.'II
1019 3103 1048 3148 v.
1066 3085 1107 3148 63
1126 3089 1243 3149 torva
1263 3085 1401 3150 leaena

208 3242 215 3257 .
239 3241 246 3258 .
270 3242 276 3257 .
301 3241 307 3256 .
331 3191 482 3259 dioebaut
503 3193 586 3259 enim
608 3193 732 3258 leonem
754 3191 932 3259 masculum
956 3199 988 3258 et
1014 3193 1175 3270 feminam,
1210 3199 1244 3258 ut
1264 3192 1399 3260 Plautus

207 3302 242 3367 in
264 3301 446 3367 Vidularia:
470 3321 542 3367 nam
566 3321 594 3367 e.
618 3321 648 3384 q.
670 3321 695 3366 s.

254 3455 256 3462 ,
308 3409 390 3477 XIX
412 3411 536 3478 Nonius
561 3431 592 3496 p.
616 3409 687 3493 220,
709 3409 807 3476 2511.
840 3408 968 3494 pedis,
998 3429 1093 3494 quem
1127 3431 1185 3477 nus
1216 3411 1399 3497 pediculum

208 3517 353 3602 dicimus,
375 3519 504 3603 generis
524 3517 693 3584 maseulini
717 3524 773 3583 est.
817 3515 956 3582 Novius:
990 3524 1040 3584 est
1062 3517 1156 3603 pedis
1179 3538 1206 3584 e.
1230 3537 1259 3602 q.
1283 3539 1306 3584 s.
1353 3511 1403 3584 Ie-'

207 3629 322 3694 minini
342 3629 476 3694 Plautus
499 3625 682 3714 ViduIaria:
708 3626 763 3692 ubi
785 3647 946 3711 quamque
967 3647 995 3694 e.
1016 3649 1045 3711 q.
1069 3646 1094 3693 s.

78 3867 82 3884 ⁸
208 3885 343 3941 Stterinis
367 3887 409 3940 est
433 3889 514 3954 pater
538 3885 655 3940 Bothiua
679 3891 713 3956 et,
735 3887 784 3958 pai
804 3887 899 3943 nostra
920 3887 1040 3958 patriast
1062 3863 1165 3957 rorabit,
1192 3883 1400 3944 &amandae

207 3983 323 4048 fortasse
345 3981 420 4051 quod
442 3986 538 4037 nostra
561 3987 605 4037 est
628 3984 703 4039 haee.
779 3986 830 4038 211
854 3985 1048 4039 ministrantur
1061 3983 1140 4039 codd.
1164 3983 1401 4054 (niministrantur

209 4079 536 4134 H1b0niministrantur
554 4078 612 4151 HV)
634 4079 673 4134 im
696 4081 864 4135 miserantur
889 4081 1004 4150 Lopat'ua
1031 4081 1183 4137 Merosra'uo
1226 4082 1305 4137 illurn
1328 4100 1402 4136 nunc

208 4174 284 4230 codd.
303 4175 389 4229 illunc
412 4176 528 4246 Lipsius
550 4177 630 4231 illurn
655 4177 729 4232 hune
752 4176 943 4248 Quioheruts'us
1019 4179 1071 4231 212
1102 4177 1205 4234 baoohe
1228 4179 1291 4232 AD
1313 4179 1401 4233 bacho

209 4271 376 4327 BHGLK
445 4275 497 4327 214
520 4291 625 4344 pauper
644 4275 672 4330 R
696 4291 819 4344 paupera
839 4280 904 4345 post
928 4278 970 4328 est
992 4273 1024 4328 ἑτι
1045 4290 1132 4345 morp.
1156 4275 1217 4330 add.
1239 4275 1323 4330 Probi
1345 4273 1400 4330 cod.

209 4368 275 4425 Boo.
348 4371 399 4424 215
423 4368 620 4424 Stademaadua
644 4371 725 4426 uerbo
747 4370 779 4424 in
797 4370 864 4425 duos
882 4387 974 4427 versus
997 4370 1135 4444 disposuit
1153 4372 1203 4426 aia:
1224 4389 1287 4426 nam
1306 4369 1401 4425 audivi

209 4464 339 4521 feminam
358 4449 420 4538 Ego
441 4468 548 4522 leonem
568 4468 652 4522 semel
671 4469 773 4538 parire.
809 4469 933 4540 tonpa'tur
953 4469 1084 4524 Herodoti
1103 4469 1198 4536 fabula
1217 4469 1275 4536 III,
1295 4471 1355 4521 108.

209 4563 261 4616 216
280 4563 394 4618 videbat
421 4563 497 4618 codd.
520 4563 629 4618 uiderat
653 4565 842 4620 Flectetaeaua
865 4565 895 4619 tu
914 4566 1017 4620 Aorsoi,
1031 4565 1127 4634 philol.
1148 4568 1217 4619 1861
1232 4581 1262 4634 p.
1281 4561 1333 4618 575
1351 4580 1401 4634 sp,
1483 4561 1486 4574 '

209 4659 256 4726 pat
273 4659 416 4714 inurbanam
435 4663 617 4732 septenarium
638 4663 765 4716 restituit.
812 4663 1018 4731 supparabatur
1029 4664 1055 4716 L
1068 4661 1269 4730 supiursbatur
1279 4661 1313 4714 Η
1315 4659 1325 4696 ¹
1339 4662 1401 4744 sub-
