3578 5336
921 453 1098 506 ..14-

413 641 524 688 vemas
540 622 688 705 Agroeoi‚
713 621 879 701 narrabas,
904 621 1130 705 Carbonianae,
1153 621 1435 700 Commorientum
1458 622 1612 690 Cornicu—

414 735 475 810 lae,
499 731 746 808 Faeneratricis,
771 732 978 810 Frivolariaa
1012 732 1155 815 Lipargi,
1184 732 1322 797 Parasiti
1344 731 1472 809 medici,
1495 733 1612 815 Trige-

414 844 570 908 minorum
590 843 681 925 operi
708 840 801 924 saul)
835 841 956 923 iniecit,
985 861 1065 924 quos
1097 841 1223 906 etiamsi
1258 841 1350 906 multi
1383 861 1447 906 non
1473 861 1491 906 e
1513 841 1613 906 Probi

414 950 471 1016 scd
495 970 512 1014 e
535 949 632 1034 Capri
665 951 758 1016 libris
781 951 980 1034 grammatici
1003 950 1188 1028 hauserunt,
1222 951 1250 1016 si
1273 972 1336 1016 non
1369 970 1478 1016 omnes
1502 957 1611 1016 tamen

417 1059 570 1144 plurimos
592 1060 697 1125 Probo
720 1057 919 1124 addicendos
942 1077 1022 1138 esse,
1052 1058 1093 1123 iis
1115 1059 1183 1125 fere
1204 1077 1288 1139 quae
1309 1057 1350 1123 de
1373 1058 1471 1144 Oapri
1494 1060 1613 1126 studiis

414 1168 507 1232 nobis
533 1167 654 1234 tradita
681 1175 755 1232 sunt
787 1167 950 1250 probatur.
999 1187 1093 1250 porro
1118 1167 1196 1234 licet
1218 1165 1304 1231 bunc
1326 1165 1416 1232 ilium
1440 1187 1567 1234 versum
1589 1191 1614 1234 a

415 1276 521 1359 priore
543 1277 763 1360 grammatico,
794 1282 828 1340 nt
850 1276 986 1358 Agrueci
1009 1295 1136 1341 versum
1157 1261 1319 1352 everris,
1343 1275 1465 1342 Probas
1487 1283 1611 1344 matua-

415 1392 466 1450 tus
488 1386 540 1468 sit,
567 1391 675 1451 tamen
700 1405 758 1470 pro
781 1393 868 1451 certo
889 1384 1003 1451 baberi
1036 1391 1143 1468 potest
1173 1404 1245 1450 eum
1268 1386 1422 1450 maiorem
1444 1394 1567 1471 partem
1590 1407 1613 1454 e

415 1495 534 1562 fabulis
555 1496 636 1579 ipsis
657 1497 868 1580 congessisse,
904 1495 938 1560 id
966 1496 1052 1577 quod
1081 1495 1121 1562 de
1143 1495 1282 1562 Astraba
1308 1495 1405 1562 Probi
1435 1497 1612 1580 explicatio

414 1604 542 1670 adiecta
563 1607 635 1689 ipsa
657 1605 863 1670 demonstrat

513 1715 646 1782 Praeter
668 1735 789 1792 versus,
813 1734 893 1797 qnos
917 1734 935 1780 e
958 1715 1110 1781 Varronis
1134 1715 1239 1780 Verrii
1262 1715 1358 1780 Probi
1381 1715 1485 1799 copiis
1507 1717 1538 1782 in
1562 1735 1611 1780 re·

415 1825 592 1890 centinrum
615 1824 893 1906 grammaticorum
915 1843 1015 1908 opera
1036 1825 1203 1889 transiisse
1226 1824 1322 1890 certis
1356 1822 1486 1889 indiciis
1519 1824 1612 1888 colli-

415 1934 531 2016 gimus,
561 1952 683 2015 pancos
711 1933 767 2014 qui
790 1939 918 1998 exstant
947 1953 988 1998 cx
1023 1933 1142 2014 ignotis
1165 1931 1307 1997 fontibus
1330 1932 1501 2017 desumpti,
1523 1931 1611 1998 baad

415 2043 522 2106 valere
545 2041 586 2106 ad
602 2039 754 2106 iudicium
776 2041 958 2106 iaciendum
985 2041 1024 2107 de
1041 2042 1222 2107 fabularum
1235 2031 1455 2108 Plau'tinarum
1473 2042 1612 2106 lectione

417 2169 473 2232 per
498 2169 532 2214 se
553 2153 651 2232 patet.
685 2169 788 2231 neque
810 2149 910 2234 igitur
932 2150 1044 2216 dubito
1072 2150 1266 2216 contendere
1281 2150 1461 2216 fabularum
1484 2158 1613 2233 praeter

419 2258 636 2323 Varronianus
648 2257 868 2325 Plautinarum
883 2259 1022 2325 studium
1039 2267 1111 2342 post
1125 2260 1263 2325 Probum
1279 2260 1494 2325 oblitteratum
1506 2279 1611 2342 neque

417 2367 514 2432 etiam
532 2366 688 2433 Hadriani
711 2373 817 2433 aetate
834 2376 979 2435 renatum
1002 2388 1083 2434 esse.
1106 2369 1198 2446 adeo,
1214 2376 1250 2433 ut
1264 2368 1401 2451 videtur,
1423 2370 1611 2453 praevalue-

420 2482 492 2541 rant
513 2476 643 2542 fabulae
674 2497 739 2543 nna
773 2485 805 2543 ct
826 2479 943 2561 viginti
975 2479 1160 2545 aVarrcne
1183 2485 1383 2561 segregatae,
1419 2485 1453 2544 ut
1486 2486 1610 2546 ceteras

417 2587 539 2653 saeculi
569 2588 701 2653 secundi
735 2587 882 2654 homines
913 2589 1053 2664 litterati,
1089 2608 1284 2671 quamquam
1310 2588 1445 2671 reliquis
1468 2595 1610 2654 veterum

417 2702 581 2761 anctmum
604 2695 733 2780 scriptis
756 2717 871 2762 novam
892 2716 1022 2782 operam
1046 2699 1291 2782 insumpserunt,
1314 2698 1382 2763 fere
1406 2699 1535 2763 omnino
1557 2718 1610 2762 ne-

417 2805 592 2888 glegerent.

518 2914 629 2980 Restat
652 2922 687 2980 ut
709 2917 742 2982 in
757 2935 797 2981 ea
811 2916 993 3000 fragmenta
1015 2915 1184 2997 inquiram,
1210 2934 1292 2997 quae
1308 2915 1488 2982 fabularum
1507 2916 1611 2982 titulis

419 3021 505 3088 haud
525 3023 664 3089 adiectis
687 3025 808 3091 tradita
830 3033 912 3090 sunt.
966 3044 1098 3107 qnorum
1122 3026 1216 3108 longe
1239 3025 1379 3108 piurima
1401 3027 1434 3089 in
1459 3025 1612 3088 Varronis

421 3132 587 3214 Verriiqne
611 3133 757 3215 reliqniis
781 3134 939 3216 leguntur,
975 3135 1076 3199 multa
1108 3135 1141 3198 in
1176 3133 1285 3210 Gellii,
1323 3134 1431 3207 Nonii,
1461 3133 1611 3214 Charisii,

419 3243 587 3308 Diomedis
619 3242 711 3308 libris
743 3241 908 3308 exstantia
936 3225 1044 3307 Probo
1069 3261 1167 3327 supra
1198 3243 1340 3308 attribui.
1395 3261 1499 3326 panca
1528 3261 1613 3322 qaae

419 3357 592 3436 supersunt
621 3351 688 3416 iere
717 3351 824 3415 omnia
851 3351 1087 3416 commentariis
1115 3351 1218 3416 relata
1241 3351 1324 3416 unde
1356 3350 1507 3416 fluxerint
1524 3352 1612 3415 latet.

421 3479 522 3543 neque
544 3459 587 3525 ad
609 3461 827 3543 quaestionem
852 3461 892 3525 de
913 3460 1094 3526 fabularum
1128 3459 1368 3546 deperditarum
1404 3457 1520 3524 studiis
1543 3478 1612 3542 prc-

421 3571 556 3651 positam
579 3589 690 3636 versus
724 3571 865 3634 incertae
892 3569 979 3636 sedis
1012 3570 1132 3635 babent
1166 3571 1368 3652 gravitatem,
1401 3567 1521 3650 qnippe
1543 3585 1612 3631 cunr

420 3698 460 3743 ne
473 3679 534 3744 hoo
549 3678 679 3760 quidem
696 3679 825 3745 decerni
848 3681 959 3762 possit,
985 3686 1088 3745 utrum
1105 3699 1217 3745 revera
1242 3680 1274 3743 in
1297 3677 1471 3760 deperditis
1495 3676 1614 3742 fabulis

420 3789 600 3856 exstiterint
621 3809 662 3854 an
686 3791 719 3854 in
741 3789 1012 3855 Varronianarnm
1038 3791 1181 3872 partibus
1204 3809 1288 3854 nunc
1310 3787 1515 3853 detruncatis.
1557 3784 1614 3850 sed

421 3898 462 3963 de
483 3896 544 3963 hoc
566 3917 714 3966 versuum
744 3917 862 3983 genere
889 3898 954 3963 alia
983 3899 1130 3980 quaestio
1152 3904 1298 3964 movetur
1319 3895 1496 3962 diiudicata
1518 3893 1614 3997 valde

1072 3993 1076 4016 ²
1099 3998 1387 4070 arcamarcaa

523 4177 550 4246 1)
569 4177 648 4230 Libri
666 4176 780 4231 titulum
805 4176 952 4246 quominus
971 4176 1154 4248 designemus,
1185 4176 1287 4230 indicia
1316 4175 1383 4230 satis
1413 4177 1489 4229 certa
1507 4173 1613 4226 desunt.

421 4273 456 4328 de
476 4273 567 4329 Plauti
586 4274 784 4328 commentario
803 4274 922 4342 cogitari
942 4275 987 4327 vix
1006 4274 1109 4328 licebit.
1156 4291 1245 4342 neque
1263 4273 1335 4326 libro
1363 4272 1398 4327 de
1417 4269 1614 4338 inaequalitate
1637 4281 1643 4294 '

422 4371 629 4426 consuetudinis
647 4371 752 4440 scriptu
781 4374 813 4423 ut
840 4387 933 4424 omnes
952 4387 1047 4424 versus
1066 4371 1261 4434 attribuamus,
1289 4368 1392 4422 sufficit
1410 4383 1481 4420 unus
1499 4365 1615 4420 Charisii

422 4485 449 4537 p.
468 4469 530 4538 212,
550 4472 565 4522 7
585 4469 670 4535 locus,
690 4483 744 4534 quo
764 4465 846 4520 huius
865 4466 930 4521 libri
949 4467 1054 4521 mentio
1073 4465 1118 4535 fit3
1149 4466 1381 4520 verisimillimum
1408 4463 1477 4516 mihi
1506 4463 1616 4517 videtur

423 4581 518 4616 versus
536 4565 589 4617 illis
609 4581 664 4617 nnn
685 4562 869 4616 mediocribus
888 4562 965 4617 silvis
984 4562 1209 4616 observationum
1235 4561 1369 4615 sermonis
1394 4559 1503 4627 antiqui
1532 4559 1615 4610 inser-

422 4664 465 4713 tos
485 4659 575 4713 fuisse.
