3578 5336
748 405 924 456 ..37-

814 592 864 659 III

308 709 347 770 65
392 706 570 789 Sequimini
592 726 642 771 me
664 706 725 772 bac
745 705 835 772 saltis
856 727 965 772 omues
985 707 1129 790 legiones
1152 707 1339 775 Lauerniae.

809 816 853 881 IV

389 923 426 990 Α.
450 898 512 989 ibi
535 925 648 990 rorarii
665 925 785 1025 estlsio
808 923 842 988 B.
866 925 1000 991 Adsunt.
1047 925 1085 991 A.
1109 899 1170 991 ilbi
1189 931 1263 993 sunt
1283 928 1433 994 accensi?

386 1053 392 1064 ·
708 1033 743 1098 B.
767 1033 850 1100 Ecce
874 1039 970 1112 [nos].

820 1141 849 1208 V

304 1323 308 1332 ,
387 1222 483 1336 Agite
505 1273 597 1336 nunc,
619 1252 777 1320 subsidite
799 1271 918 1336 omnes,
940 1253 1033 1335 quasi
1055 1252 1160 1319 solent
1181 1252 1297 1319 triarii.

238 1491 381 1579 κάρκαρα
415 1503 536 1564 certum
563 1503 613 1563 est
635 1495 711 1580 dici,
745 1495 830 1562 unde
853 1503 885 1563 et
907 1515 1025 1562 carcer.
1069 1494 1231 1562 Lucilius:
1256 1496 1381 1564 iactans
1403 1516 1431 1564 e.

239 1626 269 1689 q.
293 1628 318 1672 s.
341 1613 373 1672 et
395 1606 493 1672 alibi:
527 1625 706 1689 querquera
727 1625 755 1670 e.
778 1625 807 1687 q.
830 1625 856 1670 s.
901 1606 976 1670 item
1000 1606 1150 1670 Plautus:
1173 1605 1201 1670 is
1224 1603 1304 1670 mihi
1323 1625 1350 1672 e.
1363 1626 1393 1689 q.
1406 1626 1432 1672 s.

237 1717 353 1782 Festus
376 1737 406 1800 p.
429 1717 499 1795 257,
523 1718 563 1779 24
578 1715 619 1780 Μ.
643 1709 910 1800 querque[ram
932 1713 1051 1780 febrem
1066 1734 1197 1798 grauem
1220 1721 1252 1780 et
1269 1710 1432 1800 mag]nam

238 1825 370 1908 quidam
394 1820 525 1911 quercla
547 1823 666 1891 dietam
688 1825 799 1890 uolunt
820 1845 846 1890 e.
869 1845 898 1907 q.
920 1845 945 1890 s.
977 1825 1125 1892 Aurelius
1150 1821 1272 1910 autom]
1303 1823 1431 1910 Opilius

209 1937 215 1950 “
237 1932 389 2017 trigidum
412 1930 471 2020 a[it
493 1933 557 1999 dici
579 1939 611 1999 et
643 1954 714 1998 oum
736 1933 866 2000 horrore
888 1929 1097 2021 tremen]tom.
1152 1934 1269 2001 Santra
1291 1956 1362 2002 eam
1391 1956 1432 2002 ex

238 2041 374 2130 G[raeco
407 2043 504 2126 ducit,
536 2045 592 2127 qui
616 2038 795 2129 tr·om]orom
828 2044 985 2110 eiusmodi
1008 2037 1181 2131 κά[ρκαρον
1210 2042 1318 2110 dicunt
1346 2044 1431 2111 uude

238 2152 358 2218 dictum
387 2148 469 2239 esse]
501 2152 598 2218 etiam
621 2173 789 2218 carcerem.
834 2149 1033 2240 Plau[tus'in
1059 2144 1254 2220 Friuolaria:
1286 2155 1315 2220 is
1340 2150 1431 2239 mihi]

238 2243 307 2328 erat
338 2263 415 2328 bilis
449 2258 641 2348 querque[ra
671 2257 790 2346 tussisl.
835 2262 1021 2328 Priscianus
1050 2263 1065 2326 Ι
1088 2283 1117 2346 p.
1140 2265 1212 2341 271,
1235 2266 1250 2328 l
1272 2265 1312 2330 Η.
1341 2284 1430 2346 prae·

238 2380 326 2438 terea
349 2372 510 2437 inuenitur
531 2370 618 2456 apud
641 2370 877 2436 vetustissimos
900 2371 1038 2438 intercus
1062 2373 1228 2439 intercutis
1253 2382 1286 2438 et
1301 2373 1431 2458 proprie

238 2483 411 2546 intercus
433 2499 533 2562 aqua
555 2478 683 2562 dicitur,
706 2499 802 2562 quam
815 2478 932 2546 Graeci
945 2473 1272 2560 b'cioaacnominant.
1296 2482 1431 2548 Plautus

236 2591 269 2654 in
291 2588 471 2654 Friuolaria
493 2587 675 2668 (fribolaria
700 2589 833 2653 RADG
857 2587 1086 2654 friborlariaH
1106 2591 1275 2656 tribularia
1295 2591 1379 2672 BK):
1402 2592 1430 2658 is

236 2699 315 2765 mihi
326 2721 353 2764 e.
361 2719 389 2782 q.
398 2719 421 2764 s.
432 2699 487 2782 cfr.
501 2698 608 2782 qlosso
617 2697 690 2763 Mal
703 2697 754 2764 VI
757 2719 788 2778 p.
796 2699 884 2764 orac
892 2698 991 2764 Loew.
999 2697 1112 2766 Prodr.
1117 2721 1149 2781 p.
1156 2698 1239 2766 327.-
1252 2720 1432 2784 querquera

236 2809 406 2874 estlcbris
429 2808 629 2891 aerisonas
652 2829 722 2873 oum
744 2828 860 2892 magno
883 2807 1002 2890 frigore
1025 2810 1106 2874 solet
1127 2809 1246 2876 uenire.
1298 2808 1343 2874 lli
1367 2809 1428 2876 Fe·
1502 2818 1504 2824 '

236 2925 304 2983 stus
326 2939 357 3001 p.
379 2919 450 2999 301,
473 2919 513 2982 22
536 2917 576 2980 Μ.
601 2916 727 2996 sultis,
749 2919 777 2982 si
798 2918 903 2982 uoltis.
947 2917 1080 2982 Plautus
1103 2918 1135 2982 in
1160 2918 1357 2986 Friuolaria:
1380 2939 1429 2986 se·

236 3027 371 3109 quimini
395 3047 422 3092 e.
445 3046 475 3109 q.
498 3047 522 3092 s.
574 3027 618 3090 lV
641 3027 742 3091 Varro
775 3025 814 3092 de
848 3028 869 3091 l.
892 3027 912 3092 l.
936 3026 1007 3105 VII,
1036 3027 1075 3092 58
1091 3027 1131 3092 M.
1164 3028 1198 3093 iu
1231 3028 1429 3094 Friuolaria:

235 3135 292 3203 ubi
315 3157 340 3201 e.
364 3157 394 3220 q.
418 3155 442 3202 s.
490 3136 638 3201 rorarii
669 3135 749 3201 dicti
782 3137 823 3202 ab
853 3157 933 3220 rore,
967 3137 1023 3220 qui
1045 3136 1163 3204 bellum
1187 3138 1429 3204 committebant

235 3254 319 3324 ante,
343 3247 416 3312 ideo
436 3244 528 3332 quod¹
545 3252 619 3311 ante
641 3251 729 3311 rorat
749 3264 845 3328 quam
868 3245 961 3328 pluit.
982 3265 1172 3313 accensos
1195 3247 1428 3314 ministratores

236 3356 315 3422 (lato
337 3377 408 3422 esse
433 3355 559 3438 scribit:
587 3361 693 3439 potest
715 3354 748 3420 id
770 3354 812 3420 ab
834 3355 976 3436 arbitrio,
999 3377 1072 3422 nam
1096 3355 1170 3422 inde
1202 3355 1260 3439 (sle
1282 3357 1370 3422 codd.
1394 3356 1428 3422 id

235 3467 276 3532 ab
292 3466 447 3532 cociendo
461 3464 588 3546 Maeli.)
612 3465 655 3531 ad
677 3464 844 3530 arbitrium
868 3464 938 3530 eius
954 3465 1069 3548 quoius
1085 3466 1237 3531 minister.
1281 3466 1308 3530 V
1327 3466 1428 3531 Varro

234 3574 275 3641 de
297 3577 317 3640 l.
341 3575 360 3638 l.
383 3575 421 3648 V,
444 3576 484 3639 89
499 3574 540 3639 Μ.
564 3573 666 3656 pilani
689 3573 820 3639 triarii
842 3592 968 3656 quoque
991 3573 1067 3640 dicti
1089 3573 1177 3656 quod
1192 3574 1225 3640 iu
1242 3575 1314 3640 acie
1330 3575 1426 3641 tertio

183 3809 186 3813 .
232 3835 311 3891 codd.
338 3835 402 3890 bilis
420 3835 443 3888 is
461 3835 567 3904 scripsi.
587 3852 659 3902 aqua
678 3833 799 3888 intercus
820 3833 988 3902 Priscianus,
1009 3833 1083 3888 omis.
1104 3833 1183 3888 Festi
1200 3840 1226 3889 et
1245 3834 1331 3890 Pauli
1349 3835 1427 3892 codd.

234 3935 435 4003 querqueratus
464 3931 549 3985 Paua
571 3931 649 3986 codd.
677 3931 747 3986 cade
764 3949 920 4000 querquera
943 3930 1024 3985 tussis
1043 3931 1120 3986 Festa·
1138 3931 1251 3987 lacunae
1268 3933 1426 3990 temeraret.

233 4029 316 4083 tussis
341 4029 427 4083 febris
454 4027 512 4081 siae
539 4046 695 4097 querquera
722 4028 812 4082 Prisc.
831 4027 906 4082 codd.
927 4027 950 4080 is
969 4032 1030 4082 erat
1048 4028 1130 4082 tussis
1153 4047 1309 4098 querquera
1327 4030 1427 4099 stapsi

233 4125 315 4180 tussis
343 4125 430 4180 febris
449 4142 605 4193 querquera
623 4125 720 4180 Plauti
742 4124 865 4192 editores,
883 4130 914 4178 at
932 4141 1036 4180 oeream
1059 4126 1222 4180 trochaicam
1245 4129 1426 4196 septenariam
1542 4185 1544 4191 ,

232 4223 397 4291 affirmarent,
422 4221 495 4287 falco
522 4221 607 4276 lebria
633 4222 750 4290 miricam
777 4222 909 4291 syllabam
932 4222 1092 4289 medactum
1120 4223 1299 4279 admittentes.
1340 4223 1425 4278 febris

231 4320 323 4388 atussa
340 4317 447 4372 uidetur
465 4333 520 4372 esse
536 4334 586 4386 pro
605 4336 768 4387 querquera.
827 4320 861 4372 65
875 4318 944 4372 hanc
959 4318 1015 4372 cod.
1029 4319 1081 4374 hae
1101 4317 1211 4390 Vra-oy.
1252 4321 1344 4374 stultis
1365 4319 1424 4373 cod.

232 4415 311 4469 sultis
339 4414 399 4469 Vra.
419 4429 461 4484 oy.
503 4415 626 4486 legiones
648 4435 742 4471 omues
766 4417 895 4470 lavernae
923 4415 981 4470 cod.
1010 4434 1105 4472 omnes
1126 4417 1249 4487 legiones
1271 4416 1424 4471 Lauerniae

231 4511 348 4566 Botbiaa
386 4514 420 4566 66
440 4513 534 4566 rorani
553 4513 619 4566 FH
652 4531 687 4566 an
715 4517 780 4567 sunt
808 4512 838 4566 F
849 4529 892 4580 pr.
919 4530 954 4566 en
972 4529 1109 4583 suprascr.
1130 4529 1214 4568 meaa
1235 4515 1301 4569 alla.
1322 4514 1425 4568 adsunt

233 4607 303 4663 coni.
327 4606 458 4662 Grotlrc'us
477 4609 493 4661 l.
513 4625 539 4662 a.
556 4625 585 4677 p.
604 4611 645 4662 41.
687 4625 736 4662 nos
759 4609 788 4662 ia
809 4607 884 4664 codd.
908 4609 999 4664 occisa.
1023 4610 1120 4666 micuit
1144 4610 1269 4665 Botbc'us.
1307 4613 1341 4666 67
1359 4611 1423 4666 sub·
