3578 5336
719 427 893 478 -.11-

790 597 822 661 II

276 714 317 776 80
362 709 596 791 Prohibtntque
618 709 744 774 moenia
766 706 840 790 ilia,
864 707 948 773 unde
970 729 1030 792 ego
1052 709 1169 791 iungit
1189 727 1267 773 mea.

782 817 832 882 ΙΙΙ

359 929 426 995 Nos
449 927 542 997 liberi
565 930 725 1012 possimus
747 925 817 992 fieri
841 929 1007 993 ocissume.

782 1035 827 1099 lV

360 1147 518 1214 Proddcte
541 1145 709 1230 prodigum
732 1149 805 1212 tsse
826 1152 1001 1212 amatorem
1023 1144 1169 1213 aiddeoet.

790 1255 818 1320 V

357 1417 364 1431 .
387 1421 394 1435 .
417 1418 424 1433 .
449 1420 456 1433 .
479 1369 588 1433 vinum
611 1363 888 1432 sublestissimum.

206 1605 414 1689 (inervolaria
437 1605 463 1668 F
488 1601 707 1691 [intervolaria
732 1599 778 1686 Vl
793 1600 820 1666 G
833 1601 891 1682 Hi:
915 1600 1077 1667 scobinam
1090 1622 1115 1668 e.
1131 1623 1160 1686 q.
1178 1624 1203 1668 s.
1233 1605 1397 1670 scobinam

206 1716 359 1789 asoobe:
382 1715 460 1780 lima
481 1714 566 1779 enim
590 1712 727 1778 materia
750 1712 874 1777 fabrilis
899 1720 956 1777 est.
987 1713 1019 1776 ΙΙ
1042 1713 1155 1778 Festus
1171 1734 1201 1797 p.
1219 1715 1287 1790 145,
1303 1715 1342 1778 27
1356 1713 1396 1778 M.

207 1826 373 1906 moenia,
394 1825 488 1902 muri:
513 1832 544 1889 et
566 1829 675 1888 cetera
689 1821 882 1887 muniendae
899 1821 986 1886 urbis
999 1821 1104 1904 gratia
1119 1821 1219 1887 facte:
1236 1830 1269 1887 ut
1280 1823 1397 1888 Accius

206 1935 239 1999 in
261 1935 464 2000 Hellenibus:
487 1933 583 2016 signa
607 1951 685 2014 eq.
710 1951 733 1996 s.
757 1930 922 2012 significat
945 1932 1038 1995 etiarn
1063 1929 1178 1995 officia.
1208 1929 1341 1998 Plautus
1365 1933 1395 1996 in

205 2043 409 2109 Neruolaria:
433 2042 666 2125 prohibentque
688 2061 715 2106 e.
738 2060 767 2123 q.
792 2060 815 2105 s.
852 2039 958 2104 endem
979 2039 1099 2104 exbibet
1143 2041 1261 2106 Paulus
1283 2061 1313 2124 p.
1328 2041 1396 2114 144,

205 2154 279 2219 8Μ.
324 2152 374 2216 ΙΙΙ
395 2152 510 2218 Festus
538 2173 568 2236 p.
599 2153 669 2231 181,
698 2151 737 2214 27
753 2149 794 2215 M.
825 2150 935 2216 ocius
969 2149 1128 2216 secundae
1155 2150 1337 2216 collationis
1366 2157 1398 2216 et

205 2263 322 2328 deinde
340 2263 452 2326 tertiae
471 2261 655 2327 ocissime
677 2261 880 2343 frequentata
903 2267 985 2325 sunt.
1029 2259 1086 2324 alii
1109 2257 1220 2324 dieunt
1240 2281 1261 2324 a
1281 2261 1397 2324 nostris

205 2377 305 2436 tracta
326 2391 366 2462 ex
390 2369 522 2444 Graeco,
548 2368 580 2433 id
604 2375 652 2434 est
675 2358 789 2447 ὠκέως,
814 2367 904 2433 cuius
928 2368 1032 2451 prima
1054 2367 1258 2452 significatio,
1280 2389 1398 2451 exque

204 2479 375 2563 procedere
406 2480 437 2544 in
471 2479 741 2561 comparationem
777 2476 880 2557 debet,
915 2475 1000 2561 apud
1024 2498 1081 2543 nos
1104 2498 1168 2542 non
1191 2485 1250 2559 est,
1284 2481 1395 2546 tertiae

203 2609 278 2655 vero
312 2589 495 2654 collationis
531 2587 617 2669 (Vns.
652 2587 881 2653 consolationis
916 2585 999 2667 eod.)
1034 2586 1123 2652 cuius
1159 2587 1280 2652 rariora
1309 2587 1395 2669 (Vrs.

202 2700 325 2764 maiora
337 2698 415 2779 eod.)
437 2699 586 2782 exempla
598 2704 680 2772 sunt,
693 2682 862 2762 auctorest
875 2697 1007 2762 Plautus
1019 2697 1050 2760 in
1067 2692 1294 2784 Nervol[aria]:
1314 2696 1393 2761 ocis-

203 2828 406 2892 sumoe.q.s.
462 2807 505 2872 IV
529 2807 643 2873 Festus
662 2828 692 2890 p.
706 2808 777 2890 229,
800 2807 836 2870 19
852 2805 891 2871 Μ.
913 2805 1139 2889 prodegeris
1156 2807 1393 2889 consumpseris

204 2917 383 3001 perdideris
405 2918 474 2999 (cfr.
497 2917 623 2983 Kellios
647 2917 733 2983 Mus.
756 2917 855 2983 Rben.
882 2916 933 2982 VI
946 2937 978 2998 p.
1002 2917 1085 2996 622)
1115 2921 1149 2979 ut
1176 2915 1338 2981 Caecilius
1363 2915 1394 2979 in

202 3027 410 3110 Hymnildel:
432 3027 603 3111 prodigere
627 3049 653 3093 e.
676 3049 706 3110 q.
728 3049 753 3092 s.
776 3034 808 3092 et
830 3028 962 3092 Plautus
979 3027 1012 3091 in
1029 3024 1233 3090 Neruolaria:
1259 3023 1393 3106 produc-

203 3143 254 3202 tae
278 3155 357 3218 eq.
382 3157 406 3202 s.
469 3136 494 3200 V
517 3135 630 3202 Festus
652 3157 684 3219 p.
706 3137 778 3219 294,
796 3138 838 3200 33
855 3137 895 3200 Μ.
922 3131 1112 3220 [sublesta
1140 3127 1279 3216 antiqui]
1311 3132 1396 3198 dioe-

202 3389 266 3425 nam
283 3371 359 3426 codd.
379 3372 493 3426 scobine
510 3371 653 3442 Scioppius
677 3371 790 3426 seobina
808 3372 837 3425 ni
856 3369 1050 3426 Lachmannus
1071 3371 1107 3426 ud
1126 3373 1236 3426 Lueret.
1255 3370 1315 3437 III,
1332 3373 1393 3423 790.

202 3467 281 3521 illum
301 3468 331 3522 F
349 3468 432 3522 Turn.
452 3468 509 3523 eod.
529 3469 607 3522 illum
626 3468 698 3522 BH
707 3469 773 3522 lima
789 3469 927 3523 Turnebus
944 3469 1039 3522 limam
1053 3468 1197 3538 Scioppius
1217 3467 1307 3522 adrani
1321 3466 1393 3519 enim

203 3563 273 3618 ΡΗ
294 3563 386 3618 abrasi
409 3565 547 3618 iterandus
563 3563 708 3633 Scioppius
733 3563 885 3618 adroserim
905 3564 1050 3618 Muellerus
1078 3563 1177 3618 adraso
1197 3581 1289 3618 senem
1307 3561 1393 3616 Loeb-

193 3675 319 3737 'mannus
337 3661 353 3714 l.
373 3677 399 3713 u.
442 3661 478 3714 80
496 3660 701 3730 prohibentque
718 3659 795 3715 codd.
813 3658 963 3728 prohibent
982 3661 1056 3728 quod
1076 3659 1137 3714 Ald.
1156 3660 1306 3728 prohibent
1326 3661 1393 3728 quin

201 3756 339 3810 Ducarius
358 3756 474 3811 Bothius
510 3757 621 3811 aliunde
640 3757 774 3812 Desertus
792 3757 919 3812 adeunde
938 3757 1064 3812 Botbius.
1080 3757 1256 3828 perspicuum
1268 3762 1307 3811 est
1320 3774 1394 3812 moe·

200 3853 247 3906 nia
266 3853 321 3906 alia
338 3858 362 3908 et
380 3871 441 3907 mea
459 3853 531 3908 inter
550 3870 578 3908 se
597 3854 723 3932 oppositu
741 3869 804 3910 esse.
829 3854 914 3908 alium
933 3871 968 3908 ne
993 3869 1045 3924 ego
1065 3854 1241 3908 Buechelerus
1258 3853 1394 3922 proponit.

201 3949 304 4019 fungor
329 3949 406 4004 Festi
425 3948 481 4003 eod.
509 3950 609 4019 fungar
636 3949 721 4004 Pauli
742 3950 818 4004 codd.
865 3953 898 4004 81
927 3950 1052 4004 ocissime
1079 3969 1128 4004 nor
1152 3950 1233 4005 liberi
1257 3950 1393 4019 possimus

200 4045 251 4100 fier
272 4045 328 4100 eod.
354 4046 529 4115 transposuit
552 4046 730 4101 Buechelerus
755 4047 890 4100 ocissume
909 4046 1030 4100 Bothius.
1075 4049 1109 4101 82
1128 4047 1280 4116 productae
1300 4047 1392 4115 prodi·

201 4142 278 4211 gium
295 4140 350 4196 eod.
370 4143 505 4210 producte
524 4142 674 4212 prodigum
697 4141 755 4196 Vrs.
776 4142 807 4196 id
826 4143 896 4212 pund
913 4145 1009 4210 prolum
1028 4143 1108 4198 etium
1125 4143 1271 4213 Seyffertus
1293 4143 1394 4198 Studia

201 4238 335 4293 Plautino
353 4238 442 4293 Berot.
463 4242 532 4293 1874
546 4255 574 4306 p.
593 4244 639 4294 23.
665 4240 788 4309 polluote
812 4240 962 4310 prodigum
980 4240 1101 4310 Scutiper
1124 4240 1242 4296 Bothius
1260 4240 1393 4309 prodigus

199 4337 288 4401 fortun
315 4349 360 4402 up.
380 4333 501 4387 Paulum
518 4333 640 4389 truditur
656 4351 684 4403 p.
703 4339 770 4402 228,
790 4339 814 4390 5.
834 4337 896 4404 pir.
916 4337 1012 4405 Amph.
1031 4353 1055 4391 u.
1075 4341 1150 4392 1031.
1180 4337 1264 4391 Poen.
1289 4353 1312 4390 u.
1332 4339 1391 4389 716.

200 4431 229 4483 in
257 4435 408 4484 amatorem
435 4429 491 4484 eod.
520 4448 564 4484 me
591 4437 745 4485 amatorem
771 4433 830 4486 Vrs.
861 4433 934 4500 quod
962 4434 993 4486 iu
1010 4435 1133 4489 metricus
1153 4435 1220 4502 lepos
1233 4438 1325 4500 peccat
1348 4447 1391 4485 ne-

200 4507 250 4594 pue
284 4532 377 4594 uptam
413 4526 573 4582 seutentiam
608 4526 697 4594 efficit.
738 4535 808 4583 reete
828 4529 945 4592 Batinus
972 4547 1030 4584 erse
1057 4534 1219 4596 amatorem,
1255 4530 1304 4596 σίν.
1334 4529 1392 4585 Me·

198 4623 315 4678 nneebnr.
334 4639 358 4678 e.
377 4629 441 4678 203.
515 4625 550 4677 83
569 4622 663 4678 Bothii
681 4626 847 4690 sententium,
867 4627 916 4694 qui
940 4643 952 4680 e
976 4626 1051 4682 Festi
1071 4628 1180 4695 quia-
1202 4626 1293 4682 animo
1313 4629 1391 4682 talem
