3578 5338
955 443 1129 497 -90..

973 631 1113 700 LXXVI

596 744 768 810 interluere
793 764 880 810 mare

963 870 1119 936 LXXVII

594 999 713 1084 probus
735 997 864 1081 quIdem
886 1003 982 1063 antea
1007 997 1162 1063 iaculator
1185 1017 1256 1062 eras

955 1156 1127 1222 LXXVIII

517 1369 519 1372 Ι
593 1267 683 1335 linna
705 1274 878 1353 cooperata
901 1274 950 1334 est
970 1269 1081 1334 testrio
1103 1267 1204 1349 gallia

968 1417 1111 1483 LXXIX

594 1530 621 1594 si
656 1529 734 1612 quid
768 1529 910 1594 facturus
942 1547 990 1608 es,
1030 1525 1179 1610 appende
1218 1527 1250 1590 in
1290 1525 1409 1592 umeris
1443 1528 1589 1610 pallium
1629 1533 1665 1592 et

546 1658 672 1723 pergas,
696 1645 851 1721 quantum
873 1636 959 1702 valet
981 1642 1105 1701 tuorum
1128 1634 1246 1719 pedum
1268 1635 1443 1719 pernicitas

444 1902 514 1960 coo,
537 1871 753 1953 ώςΠλαῦτος.
786 1872 842 1952 cfr.
858 1873 979 1938 Paulus
1001 1893 1032 1956 p.
1050 1875 1099 1952 10,
1125 1875 1141 1938 l
1162 1875 1204 1938 Μ.
1227 1873 1374 1940 coieris
1397 1875 1516 1939 securis
1539 1894 1660 1948 aerea,
1738 1945 1739 1948 Ἴ

446 2007 511 2070 qua
543 1985 575 2048 in
614 1981 782 2048 sacrificiis
814 1981 985 2046 utebantur
1017 1981 1202 2048 sacerdotes
1245 1988 1273 2047 et
1304 1983 1426 2066 piosaco
1462 1983 1496 2046 in
1525 1983 1663 2050 Loewii
1738 1979 1739 2018 ³

444 2094 559 2160 Prodr.
583 2113 617 2175 p.
640 2093 706 2158 257
728 2090 882 2156 acceries:
916 2089 1049 2172 securis,
1082 2110 1177 2173 quam
1210 2089 1358 2158 flamines
1387 2099 1442 2158 aut
1476 2093 1658 2176 pontifices

446 2204 565 2269 habent
586 2207 615 2272 et
637 2201 792 2267 acceries:
817 2219 918 2284 genus
942 2200 1072 2265 securis

546 2311 685 2376 LXXVI
709 2309 852 2377 IsIdorus
877 2310 965 2394 Orig.
989 2310 1027 2392 V,
1051 2311 1101 2394 26,
1143 2311 1162 2375 8
1185 2311 1374 2376 internecivi
1390 2317 1494 2376 autem
1521 2310 1655 2393 signifi-

445 2424 530 2490 catio
554 2428 603 2487 est
637 2423 729 2504 quasi
752 2420 889 2487 hominis
913 2420 1071 2504 quaedam
1094 2423 1252 2487 enecatio:
1276 2442 1349 2485 nam
1372 2422 1652 2506 praepositionem

446 2533 550 2598 inter·
582 2533 745 2616 ponebant
775 2531 898 2613 anitqui
931 2551 989 2614 pro
1013 2550 1038 2597 e.
1069 2531 1225 2596 Naevius:
1260 2551 1347 2595 unare
1372 2529 1578 2596 interbibere.
1621 2536 1653 2595 et

445 2642 595 2709 Plautus:
619 2641 791 2706 interluere
814 2661 912 2714 mare,
935 2639 971 2705 id
993 2647 1042 2705 est
1064 2639 1195 2706 ebibere
1217 2647 1248 2704 et
1271 2639 1388 2705 eluere.

545 2751 701 2817 LXXVII
735 2748 879 2816 IsIdorus
910 2748 999 2834 Orig.
1021 2749 1113 2831 XIX,
1150 2749 1179 2830 5,
1202 2751 1220 2811 2
1245 2748 1367 2813 funda
1388 2768 1490 2831 genus
1522 2756 1574 2814 est
1598 2747 1651 2830 pi-

446 2862 603 2928 scatoriae
626 2861 713 2942 retis,
748 2860 835 2924 dicta
865 2860 906 2925 ab
937 2880 984 2940 eo,
1022 2858 1109 2941 quod
1131 2859 1164 2922 in
1192 2857 1326 2924 fundum
1350 2860 1504 2936 mittatur,
1528 2859 1649 2925 eadem

446 2971 544 3036 etiam
568 2990 587 3034 a
610 2968 762 3034 iactando
783 2969 957 3034 iaculum
979 2966 1107 3037 dicitur.
1137 2967 1287 3033 Plautus:
1311 2968 1429 3050 probus
1454 2989 1481 3033 e.
1506 2986 1537 3049 q.
1560 2989 1589 3034 s.

544 3077 716 3143 LXXVIII
746 3076 890 3143 Isidorus
913 3075 1001 3160 Orig.
1025 3077 1112 3152 XIX,
1138 3079 1187 3161 23,
1208 3078 1229 3141 3
1255 3076 1395 3142 linuae
1417 3097 1496 3159 saga
1519 3075 1649 3158 quadra

447 3194 479 3253 et
501 3187 611 3252 mollia
634 3193 715 3252 sunt.
749 3185 789 3251 de
812 3185 929 3268 quibus
952 3185 1101 3251 Plautus:
1123 3188 1211 3252 linna
1235 3207 1262 3252 e.
1278 3207 1308 3269 q.
1333 3206 1357 3251 s.
1400 3184 1474 3249 ibid.
1500 3185 1515 3247 I
1539 3183 1647 3252 Gallis

447 3299 565 3362 linnae.

545 3404 685 3469 LXXIX
726 3404 869 3470 Isidorus
905 3403 991 3488 Orig.
1030 3403 1118 3488 XIX,
1152 3405 1202 3488 24,
1235 3405 1248 3468 l
1292 3403 1454 3487 pallium
1489 3409 1547 3482 est,
1581 3421 1646 3486 quo

448 3514 697 3580 ministrantium
710 3515 862 3597 scapulae
885 3520 1096 3596 conteguntur
1117 3521 1161 3586 ut,
1186 3503 1260 3578 dunr¹
1285 3511 1476 3594 ministrant,
1498 3511 1646 3594 expediti

448 3624 636 3689 discurrant.
671 3622 816 3689 Plautus:
840 3622 868 3687 si
891 3622 969 3705 quid
993 3643 1019 3688 e.
1042 3642 1071 3705 q.
1096 3642 1121 3687 s.

449 3884 502 3938 308
521 3886 597 3939 luma
618 3885 724 3940 Porcus
743 3885 806 3938 lena
824 3881 959 3938 Arrenius
978 3882 1056 3936 linna
1074 3881 1256 3949 Gothofredus
1274 3880 1400 3936 Loecoias
1420 3880 1518 3935 Prodr.
1531 3895 1560 3949 p.
1580 3883 1644 3936 289.

451 3986 582 4050 cooperta
602 3982 717 4050 Parcus,
736 3981 844 4038 Areoot.
867 3978 937 4048 quod
956 3979 1020 4034 iibri
1039 3979 1135 4033 babeat
1153 3983 1191 4033 cst
1209 3979 1330 4046 Iinnaeq.
1349 3981 1472 4047 operata.
1522 3975 1644 4030 textrina

450 4079 557 4133 Parcas
567 4078 676 4134 Arcadi.
691 4075 951 4142 textrinodotbosr.
971 4075 1076 4130 Galliae
1090 4075 1204 4130 Parcas.
1225 4089 1283 4125 „nc
1295 4075 1400 4128 linnam
1418 4075 1559 4142 operitast
1585 4075 1643 4124 tex·
1738 4103 1739 4112 η

450 4175 507 4229 trix
536 4173 642 4228 Gallica
666 4173 791 4228 Locwius
818 4171 978 4226 dubitanter
1002 4171 1140 4240 proponit.
1213 4173 1265 4226 309
1290 4174 1391 4241 pergat
1408 4170 1516 4226 Arctoi.
1545 4184 1642 4238 pergas

451 4270 567 4324 Parcas.
617 4268 768 4337 pernicitas
786 4267 894 4322 Arcani.
913 4266 964 4333 cfr.
983 4267 1149 4322 Menceobm.
1170 4270 1265 4332 odeo,
1287 4269 1342 4322 867
1362 4266 1510 4335 promtItas
1529 4265 1642 4320 Parcas.
1738 4301 1739 4304 η

450 4366 577 4422 Isidorus
604 4364 763 4420 senteutiam
791 4362 888 4418 Plauti
914 4362 1042 4424 reddidit,
1086 4364 1191 4418 cabum
1218 4363 1265 4419 vic
1290 4363 1382 4417 uttam.
1461 4363 1520 4416 310.
1555 4360 1642 4416 aeneis

451 4464 559 4518 Arcadi.
585 4478 624 4520 ex,
642 4458 735 4513 aeneis
757 4459 875 4524 Porcus,
903 4461 953 4526 cfr.
972 4457 1096 4512 Loewirrs
1121 4456 1230 4512 Glossae
1248 4456 1386 4512 aorrrinum
1414 4475 1444 4526 p.
1460 4461 1495 4510 95
1509 4473 1547 4525 sq.
1583 4456 1642 4510 ahe-
1738 4469 1739 4550 J

451 4562 510 4612 neis
523 4575 576 4628 pro
595 4556 690 4612 ahenis
700 4555 799 4609 Plauti
821 4571 876 4610 esce
896 4559 977 4623 nepot
998 4553 1168 4622 Kiestinpioe
1180 4553 1310 4608 Fleciccis.
1332 4553 1434 4608 Anasi.
1454 4558 1527 4608 1868
1543 4570 1572 4622 p.
1586 4553 1641 4606 614.
1738 4567 1739 4576 ¹

452 4671 489 4708 an
499 4637 656 4708 detenditur?
671 4652 722 4719 cfr.
732 4651 871 4708 Placidus.
938 4654 987 4703 311
1009 4650 1132 4706 Goetcius
1146 4650 1230 4705 Anat.
1244 4651 1338 4704 Plana.
1350 4666 1376 4718 p.
1391 4654 1443 4703 110
1461 4646 1578 4704 ‘ludens‘
1599 4648 1641 4702 bos
