3578 5336
708 451 883 504 ..55-

685 709 908 777 DYSCOLVS

345 866 366 901 r
386 841 475 921 virgo
498 859 579 920 snm,
602 835 743 904 nbndum
766 836 865 903 didici
888 835 988 920 nipta
1007 836 1107 902 verba
1129 835 1244 901 dicere.

641 1001 953 1116 unuuuunumx

785 1173 800 1238 Ι

345 1283 433 1349 Heus
454 1290 498 1356 tu,
521 1284 553 1349 in
578 1283 732 1348 barbaria
754 1281 839 1366 quid
862 1281 986 1348 dixisse
1011 1280 1131 1348 dicitur

348 1393 495 1458 Libertus
518 1413 596 1459 suae
618 1390 783 1474 patronae,
808 1392 841 1457 id
863 1412 924 1474 ego
946 1389 1018 1458 dict
1042 1386 1143 1475 [tibi]:

346 1503 494 1568 Libertas
517 1504 616 1586 salve,
638 1503 758 1586 vapula
781 1501 919 1588 Papiria.

780 1645 812 1710 II

266 1757 306 1819 60
350 1805 356 1818 .
380 1807 386 1822 .
413 1806 419 1818 .
443 1755 525 1836 quai
548 1775 609 1839 ego
632 1753 793 1839 populato
815 1755 926 1838 probe.

299 2002 520 2092 niscouvs
542 2003 657 2070 Festus
681 2023 711 2089 p.
736 2004 805 2086 170,
829 2004 868 2067 21
885 2001 926 2067 Μ.
949 2011 1069 2087 nupta
1094 1999 1217 2068 verba
1241 1997 1390 2064 diceban·

203 2126 255 2181 tur
276 2113 318 2179 ab
339 2112 489 2195 antiquis,
513 2131 594 2195 quae
617 2114 773 2196 virginem
795 2112 903 2179 dicere
927 2133 988 2177 non
1011 2111 1140 2186 licebat,
1161 2117 1196 2174 ut
1210 2108 1343 2176 Plautus
1358 2107 1390 2172 in

203 2225 361 2308 Dyscolo:
383 2223 473 2306 virgo
494 2241 520 2287 e.
544 2242 574 2305 q.
597 2241 622 2287 s.
1031 2234 1033 2238 ⁴

299 2347 609 2414 FAENERATRIX
632 2347 732 2412 Varro
755 2347 795 2414 de
818 2349 838 2412 l.
861 2349 880 2412 l.
904 2347 972 2424 Vll,
989 2348 1030 2412 96
1048 2345 1088 2412 M.
1111 2346 1144 2410 in
1158 2345 1304 2428 pluribus
1319 2365 1393 2412 ver·

199 2457 249 2522 bis
272 2459 298 2520 A
323 2464 397 2520 ante
420 2453 446 2518 ll
469 2454 527 2518 alii
549 2459 681 2537 ponunt,
704 2454 762 2519 alii
784 2475 861 2530 non,
885 2461 919 2518 ut
942 2453 1028 2536 quod
1044 2454 1163 2539 partim
1179 2453 1288 2520 dieunt
1303 2473 1392 2538 scep-

199 2572 290 2643 trum,
314 2565 431 2648 partim
454 2570 644 2647 scacptrum,
665 2563 723 2629 alii
739 2563 844 2628 Plauti
859 2563 1185 2648 Faeneratricem‚
1201 2564 1257 2629 alii
1278 2563 1393 2629 Fene·

199 2675 393 2740 ratricem.
459 2672 474 2735 Ι
498 2673 613 2736 Festus
636 2692 667 2755 p.
691 2673 762 2753 372,
785 2671 825 2735 22
841 2671 880 2734 Μ.
902 2674 1049 2755 vapula
1070 2647 1232 2756 Papiria
1263 2675 1294 2738 in
1322 2693 1393 2755 pro-

199 2785 308 2851 verbio
326 2783 388 2849 fuit
409 2781 560 2864 antiquie,
584 2780 624 2846 de
647 2802 711 2865 quo
733 2781 866 2847 Sinnius
890 2779 1005 2865 Capito
1028 2783 1076 2848 sic
1096 2782 1205 2864 refert,
1239 2787 1306 2847 tum
1329 2781 1393 2846 dici

199 2895 326 2960 solitum
359 2911 440 2976 esse,
474 2913 545 2958 cum
577 2894 698 2958 vellent
731 2891 925 2957 minantibus
952 2890 1045 2968 [s]ibi
1071 2890 1253 2974 significare
1277 2910 1312 2956 se
1339 2910 1394 2955 eos

200 3003 369 3085 neglegere
397 3009 429 3066 et
454 3021 662 3082 uouemere,
691 3002 789 3066 fretos
817 3001 887 3066 iure
912 3001 1081 3066 libertatis.
1108 3000 1259 3067 Plautus
1282 3000 1315 3065 in
1333 2999 1392 3065 Fc-

199 3112 371 3177 neratrice:
404 3109 483 3175 heus
515 3118 549 3175 tu
582 3130 609 3174 e.
633 3128 662 3192 q.
686 3129 710 3174 s.
801 3109 833 3172 ll
856 3107 1030 3174 Diomedes
1059 3128 1089 3192 p.
1114 3109 1187 3190 401,
1208 3111 1228 3172 3
1251 3109 1290 3173 K.
1327 3129 1393 3192 po·

198 3222 290 3304 pulo
312 3220 358 3286 ait
381 3220 514 3286 Plautus
538 3218 571 3282 in
594 3217 812 3283 Feneratrice:
837 3236 919 3299 quae
942 3237 968 3282 e.
990 3238 1022 3300 q.
1044 3237 1068 3284 s.

199 3463 228 3518 id
247 3467 289 3518 est
307 3479 341 3516 ex
358 3460 489 3516 odoribus
508 3460 626 3514 arabicis
644 3460 748 3522 confert
766 3459 881 3516 Keilius.
921 3460 1019 3514 Versus
1040 3462 1083 3526 48,
1103 3463 1147 3528 49,
1166 3463 1201 3514 50
1219 3461 1301 3514 unius
1321 3475 1394 3516 seue·

199 3575 251 3614 aue
268 3565 323 3614 esse
335 3557 468 3624 uidentur,
484 3557 514 3610 in
526 3574 580 3625 quc
598 3557 673 3612 miles
692 3574 710 3612 u
729 3557 890 3625 quibusdum
907 3558 1052 3612 inluditur.
1071 3574 1174 3613 vasum
1189 3561 1224 3612 49
1234 3559 1337 3612 Meuius
1355 3562 1394 3610 est

199 3672 271 3709 unus
289 3655 322 3710 rie
340 3654 396 3708 illis
421 3653 582 3715 ludentibus,
607 3670 699 3709 uersus
718 3658 753 3708 50
769 3655 849 3722 finem
867 3671 980 3709 senense
1004 3635 1139 3724 riesiqnat,
1163 3655 1297 3724 proelium
1324 3654 1395 3707 enirn

200 3751 238 3805 uri
255 3751 349 3805 ludum
367 3767 426 3804 cum
443 3751 526 3805 milite
547 3750 703 3806 institutum
723 3751 817 3818 refero.

299 3863 355 3930 Osr.
375 3862 524 3918 Menandri
543 3858 692 3922 Δύσκολος.
730 3866 764 3918 56
784 3864 865 3934 virgo
885 3883 945 3918 sum
965 3863 1022 3920 cod.
1041 3864 1121 3934 virgo
1137 3881 1261 3934 egosum
1271 3863 1393 3918 Betbirrs.

200 3960 232 4016 sle
252 3959 338 4014 uerbis
360 3959 456 4028 nuptis
477 3960 605 4015 disseruit
631 3960 754 4015 Nueluius
776 3961 806 4014 iu
834 3960 964 4028 Sciropeni
989 3961 1138 4014 carminum
1163 3960 1264 4016 Valerii
1283 3959 1394 4016 Catonis

200 4056 316 4111 editione
330 4071 360 4124 p.
377 4057 420 4110 45.

299 4170 343 4225 De
359 4169 561 4224 Faeneratrieis
580 4170 658 4226 titulo
675 4189 700 4226 u.
721 4170 862 4226 Ritsobelii
878 4171 991 4240 Parere.
1007 4172 1096 4240 praes.
1116 4187 1141 4239 p.
1156 4171 1240 4226 XXI.
1309 4175 1343 4226 57
1362 4170 1395 4224 de

200 4266 267 4320 heus
294 4283 355 4320 curu
379 4267 498 4322 vasatico
515 4267 655 4322 eoniruuete
672 4283 696 4322 u.
715 4269 865 4336 Luuueuus
882 4263 1036 4337 ‘Beitrc'iqe’
1055 4285 1082 4336 p.
1102 4272 1161 4322 315.
1217 4271 1251 4322 58
1279 4268 1395 4321 libertus

201 4363 256 4418 cod.
276 4364 378 4418 liberta
395 4379 437 4432 ou.
460 4363 531 4431 quod
557 4378 591 4418 en
617 4365 786 4431 sequentibus
813 4364 915 4418 liberta
936 4365 1010 4419 salve
1029 4365 1172 4434 r·epetiturn
1191 4380 1246 4418 esse
1263 4365 1394 4432 proponit

202 4460 356 4514 Muellerus.
394 4459 456 4514 ideo
475 4459 535 4514 cosi.
554 4461 584 4514 id
604 4478 654 4530 ego
672 4476 743 4514 corr.
764 4459 890 4530 Seuliqer.
925 4467 987 4530 post
1006 4461 1067 4516 dico
1086 4452 1183 4516 lucunu
1197 4465 1294 4515 enstut.
1331 4461 1393 4515 diuo

202 4556 254 4610 tibi
272 4555 395 4624 Scutiuer
413 4556 476 4612 dico
495 4558 608 4612 Atticae
627 4558 782 4612 Muellerus.
821 4559 855 4612 59
884 4559 985 4613 liberta
1013 4558 1070 4614 cod.
1098 4559 1213 4613 libertas
1238 4558 1393 4615 Muellerus.

201 4654 236 4706 60
254 4669 341 4719 prove
360 4651 470 4708 ΑΒΜ
501 4654 589 4723 probs
602 4654 745 4723 Scioppius
764 4655 910 4728 Putscbius
929 4673 1047 4726 propere
1066 4675 1086 4714 ς.
