3578 5336
921 401 1078 451 ..2-

396 571 437 637 de
459 572 642 637 fabularum
663 569 827 636 ordinibus
849 577 881 636 et
903 571 1016 651 titulis,
1039 568 1156 635 deinde
1179 569 1220 634 de
1241 571 1424 637 auctoribus
1440 576 1594 656 antiquis,

396 699 530 762 qnorum
552 680 586 744 in
608 679 699 745 libris
724 679 902 763 fragmenta
923 687 1052 774 servata
1074 685 1156 760 sunt,
1179 681 1307 745 tertium
1330 699 1444 746 versus
1461 685 1516 763 qui
1534 685 1594 750 sub

396 789 503 853 Plauti
526 789 654 854 nomine
676 788 777 853 adlati
798 789 834 852 iu
856 781 973 853 fabulis
986 787 1167 852 XXI·haud
1183 789 1340 870 leguntur,
1363 809 1477 854 omues
1492 812 1591 873 quau-

396 904 462 962 tum
487 898 577 982 potui
600 897 744 981 digestos
767 905 798 962 et
821 891 1008 963 emendatos
1031 896 1168 962 ederem.

496 1209 576 1276 Cum
604 1211 733 1276 saeculo
762 1210 899 1293 septimo
927 1211 1057 1274 ineunte
1088 1209 1204 1275 studiis
1232 1211 1450 1292 grammaticis
1473 1211 1593 1275 Romae

396 1318 639 1386 florescentibus
662 1319 700 1386 de
735 1318 910 1386 comoediis
934 1319 1091 1384 Plautinis
1120 1318 1327 1401 quaestiones
1356 1320 1523 1390 instituere
1546 1319 1592 1383 iu-

397 1435 571 1514 ceptareut,
596 1427 740 1494 homines
763 1427 896 1494 litterati
920 1428 953 1490 in
977 1425 1010 1492 id
1035 1446 1176 1492 summas
1200 1447 1292 1492 curas
1315 1407 1530 1509 intenderunt,
1559 1411 1601 1493 ut

396 1540 478 1603 inter
513 1538 642 1603 fabulas
680 1538 818 1603 traditas
855 1557 1011 1620 quaenam
1044 1542 1153 1602 essent
1187 1537 1347 1620 genuinae
1380 1538 1592 1620 explorarent.

396 1645 581 1713 comoedias·
604 1646 885 1730 vigintiquinque,
910 1665 990 1728 quas
1004 1666 1077 1710 rere
1089 1645 1256 1711 Plautinas
1273 1647 1414 1728 agnovit,
1433 1625 1454 1711 ve
1477 1645 1593 1712 ceteris

396 1757 579 1840 segregavit
601 1756 712 1821 Aelius
735 1755 824 1834 Stilo,
848 1755 970 1820 similes
993 1755 1175 1822 fabularum
1200 1755 1324 1820 indices
1347 1763 1595 1838 composuerunt

396 1865 572 1950 Sedigitas,
596 1863 763 1938 claudius,
786 1863 947 1944 Aurelius,
969 1863 1097 1937 Accius,
1121 1863 1288 1938 Manilius;
1318 1864 1478 1946 propriam
1505 1862 1591 1928 viam

396 1977 562 2058 ingressus
573 1973 675 2038 Varro
699 1979 826 2056 praeter
848 1993 942 2037 unam
957 1978 988 2036 et
1006 1973 1120 2056 viginti
1138 1973 1263 2038 fabulas
1280 1993 1436 2039 consensu
1451 1971 1592 2038 omnium

395 2063 510 2149 Plauto
541 2082 723 2148 vindicatas
755 2081 913 2164 quasdam
946 2083 1029 2148 alias
1065 2083 1213 2164 probavit
1239 2083 1398 2148 adductus
1421 2081 1474 2146 filo
1497 2089 1593 2164 atquc

396 2192 517 2257 facetia
540 2192 696 2257 sermonis
719 2191 833 2256 Plauto
857 2192 1074 2273 congruentis,
1107 2193 1197 2257 cuius
1220 2191 1266 2256 rei
1294 2197 1406 2256 testem
1437 2190 1593 2256 habemus

398 2301 541 2366 Gellium
566 2301 600 2367 iu
622 2301 661 2366 N.
684 2301 720 2366 Α.
745 2302 805 2381 ΙΙΙ,
828 2303 856 2364 3.
906 2301 939 2366 iu
962 2301 1115 2368 Varronis
1143 2301 1264 2366 iudicio
1292 2307 1460 2383 sequentes
1488 2320 1592 2382 gram·

396 2410 505 2475 matici
535 2416 570 2475 ut
597 2409 724 2475 videtur
746 2411 983 2492 acquieverunt,
1018 2431 1122 2492 neque
1144 2411 1280 2492 legimus
1304 2422 1495 2492 quemquam
1520 2417 1594 2494 post

395 2519 572 2584 Varronem
607 2518 640 2582 iu
672 2517 754 2583 hanc
789 2520 1008 2600 quaestionem
1042 2518 1179 2584 studium
1211 2521 1395 2603 contulisse.
1441 2518 1592 2584 Varronis

396 2625 598 2708 praescripta
628 2645 698 2690 cum
730 2632 839 2690 tautae
857 2625 986 2690 ‘luerint
1007 2625 1217 2700 auctoritatis,
1251 2633 1286 2690 ut
1309 2626 1383 2690 illae
1406 2647 1471 2691 uua
1493 2634 1525 2692 et
1546 2629 1593 2691 vi·

395 2734 475 2818 giuti
511 2733 638 2812 fabulae
673 2751 730 2814 per
763 2739 925 2817 posterum
960 2727 1086 2816 tempus
1118 2752 1176 2816 pro
1198 2731 1349 2814 genuinis
1378 2739 1527 2816 receptae
1550 2732 1593 2797 ad

395 2845 480 2910 huuc
503 2842 588 2908 diem
610 2849 823 2920 servarentur,
847 2841 942 2906 valde
965 2842 1133 2925 probabile
1156 2847 1214 2918 est,
1245 2841 1342 2906 etiam
1367 2844 1522 2908 coeteris
1546 2843 1562 2908 f
1581 2879 1592 2888 ·

396 2954 479 3018 bulis
506 2951 732 3034 grammaticos
760 2952 954 3016 recentiores
982 2971 1037 3016 eas
1062 2950 1263 3032 potissimum
1287 2952 1478 3036 respexisse,
1512 2971 1593 3034 quae

395 3061 580 3127 aVarrone
603 3061 717 3125 Plauto
740 3067 831 3126 erant
853 3059 1012 3126 addictae.
1063 3060 1173 3144 itaque
1208 3079 1316 3126 earum
1350 3067 1475 3145 praeter
1511 3060 1591 3124 XXI

394 3169 586 3254 fabularum,
619 3191 754 3252 quarum
782 3172 968 3236 memoriam
994 3191 1051 3235 uos
1076 3172 1217 3237 relictam
1239 3171 1406 3252 habemus,
1437 3171 1591 3254 plurimas

396 3280 582 3346 interfuisse
616 3281 664 3344 illi
699 3281 878 3346 fabularum
910 3302 931 3346 a
962 3280 1106 3346 Varrone
1142 3282 1349 3366 probatarum
1383 3279 1488 3344 ordini
1521 3300 1591 3344 curn

394 3388 571 3455 Ritschelio
605 3389 842 3456 consentientes
876 3388 962 3456 haud
996 3412 1016 3456 a
1043 3391 1180 3455 veritate
1202 3388 1431 3454 aberrabimus.
1487 3407 1591 3470 neque

394 3505 500 3566 tameu
532 3500 617 3564 ultra
647 3499 708 3565 hoc
740 3503 892 3584 generale
925 3500 1124 3584 propositum
1152 3499 1302 3584 progredi
1323 3497 1407 3563 licet.
1462 3518 1535 3562 nam
1557 3502 1592 3561 ut

394 3609 479 3674 iuter
504 3608 631 3674 tabulas
659 3610 757 3675 etiam
784 3630 867 3675 nunc
889 3608 1041 3675 adcurate
1061 3608 1267 3693 designemus
1288 3628 1354 3690 eas,
1388 3627 1467 3690 quas
1490 3605 1591 3671 Varro

394 3717 551 3802 genuinas
573 3737 694 3800 easque
710 3737 790 3802 quas
805 3718 1033 3804 mppositicias
1051 3717 1249 3799 iudicaverit,
1273 3717 1352 3780 satis
1368 3723 1455 3782 certa
1471 3714 1592 3780 iudicia

393 3826 485 3892 nobis
505 3846 567 3891 non
590 3830 663 3892 sunt
683 3831 819 3907 praesto.
863 3845 958 3907 quam
981 3825 1167 3892 adcuratam
1195 3823 1435 3890 distinctionem
1446 3821 1590 3887 Ritsche·

393 3933 457 3999 lius
485 3933 638 4018 perficere
665 3941 798 4000 conatus
826 3941 887 4000 cst:
916 3934 1024 4000 Servii
1053 3934 1223 3999 verborum
1247 3926 1340 3998 ‘nam
1363 3932 1511 3996 Plautum
1533 3928 1590 3994 alii

394 4041 505 4108 dicunt
528 4063 624 4108 unam
648 4049 680 4108 et
700 4043 818 4126 viginti
841 4044 967 4109 fabulas
990 4043 1172 4126 scripsisse,
1202 4042 1260 4107 alii
1283 4039 1506 4124 quadraginta,
1533 4038 1591 4103 alii
1632 4121 1633 4125 Ἰ

394 4150 535 4218 centum'
568 4151 666 4218 etiam
697 4154 754 4218 illa
791 4150 865 4218 ‘alii
899 4149 1128 4236 quadraginta‘
1162 4151 1204 4217 ad
1237 4151 1413 4216 Varronem
1450 4146 1591 4214 referens

394 4260 596 4346 undeviginti
619 4261 739 4327 fabulis
763 4261 875 4328 electis
898 4265 1034 4328 alterum
1059 4263 1241 4327 fabularum
1253 4258 1524 4325 Varronianaruur
1542 4276 1589 4320 or·

394 4371 502 4437 dinem
536 4371 722 4438 construxit.
777 4373 834 4438 sed
858 4372 1053 4464 Ritschelius
1088 4374 1156 4456 ipse
1185 4371 1350 4450 professus
1377 4374 1435 4448 est,
1470 4372 1591 4432 certum

395 4480 550 4546 iudicium
581 4481 621 4546 de
649 4479 762 4563 paucis
790 4487 912 4546 tautum
935 4479 1052 4545 fabulis
1076 4479 1211 4564 proferri
1234 4497 1339 4562 posse.
1383 4494 1488 4558 neque
1511 4473 1590 4538 mihi

395 4592 594 4674 propositum
618 4602 666 4655 est
689 4590 900 4655 iuRitsohelii
925 4590 1175 4672 disputationem
1199 4587 1317 4652 invehi.
1362 4605 1458 4650 uuum
1480 4593 1587 4650 tamen
