3578 5338
714 450 889 508 ..65-

695 626 744 692 ΧΙ
782 626 817 692 Β.
843 627 881 692 12

350 735 473 802 Stultus
493 741 542 801 est
562 735 733 802 adversum
755 627 894 803 VetateuV
917 743 950 803 ot
971 737 1088 822 capitit
1109 723 1338 806 caritudinem?

767 869 830 936 XII

197 983 260 1046 235
354 977 597 1064 ..couruspare
621 979 675 1045 tria
697 981 830 1046 constitu
852 983 884 1047 in
908 984 1045 1064 pectore.

681 1125 764 1190 XIII
801 1126 837 1190 Β.
860 1126 899 1190 13

347 1234 507 1299 Numnam
523 1233 601 1298 mihi
617 1236 700 1300 oculi
715 1124 916 1300 caoeVultautV
939 1239 1028 1301 estne
1049 1235 1100 1300 hic
1119 1243 1227 1302 noster
1243 1238 1394 1302 Hirmio?

677 1369 752 1437 XIV
780 1371 829 1449 (Β.
855 1368 908 1454 14)

348 1478 484 1544 einravit
506 1478 654 1543 militiam

699 1612 758 1678 XV
783 1613 832 1696 (Β.
849 1615 900 1694 15)

352 1772 542 1788 .......
565 1723 614 1789 sic
635 1724 685 1788 me
708 1723 804 1789 cubes
827 1723 945 1790 cotidie

349 1832 450 1910 Qutsi
473 1832 554 1898 fiber
573 1832 705 1898 salicem
730 1882 888 1898 ......

688 1966 763 2033 XVI
787 1967 834 2048 (Β.
861 1965 912 2049 16)

200 2073 262 2137 246
351 2073 486 2139 herbam
510 2073 550 2138 do

299 2265 343 2330 XI
365 2266 485 2332 Paulus
508 2287 539 2350 p.
556 2268 606 2349 62,
631 2267 704 2331 1Μ.
728 2265 1001 2332 penitudinem
1023 2285 1080 2348 pro
1097 2267 1224 2332 canitie.
1246 2267 1394 2334 Plautus:

201 2378 316 2442 stultus
340 2395 368 2442 e.
392 2397 423 2458 q.
448 2397 472 2442 s.
517 2375 681 2441 Osbemus
705 2396 735 2459 p.
759 2377 798 2440 88
821 2375 862 2438 M.
975 2381 1007 2440 et
1036 2374 1115 2439 haec
1141 2375 1345 2457 canitudc,
1376 2380 1395 2442 i.

203 2487 350 2569 canitiem
372 2487 457 2552 unde
482 2486 620 2552 Plautus
644 2488 775 2552 stultum
799 2492 857 2566 est,
880 2487 991 2567 iuquit,
1015 2485 1170 2551 adversus
1193 2507 1218 2551 e.
1243 2507 1318 2569 qs.

300 2595 363 2660 XII
387 2597 508 2660 Paulus
530 2615 559 2679 p.
582 2597 632 2671 62,
656 2594 730 2658 2Μ.
755 2597 996 2679 couruspari,
1020 2596 1216 2678 conquirere.
1249 2596 1394 2662 Plautus:

201 2723 396 2787 couruspare
420 2725 447 2770 e.
471 2724 500 2787 q.
524 2723 548 2769 s.
908 2765 911 2771 .

299 2813 381 2878 XIII
403 2813 522 2878 Paulus
545 2833 576 2896 p.
600 2814 651 2893 62,
674 2812 749 2879 3Μ.
784 2815 1006 2880 caecultaut
1033 2813 1299 2898 cueoisproximi
1323 2821 1396 2880 suut

202 2921 364 2986 oculorum
381 2923 449 2986 acie
466 2922 588 2987 obtusa.
633 2923 779 2988 Plautus:
803 2944 953 2988 numnam
970 2944 997 2988 e.
1010 2943 1039 3005 q.
1052 2944 1076 2988 s.
1117 2921 1280 2989 Osbernus
1294 2943 1324 3006 p.
1337 2924 1396 2986 166

202 3049 297 3102 caeco
398 3037 430 3094 et
453 3032 633 3095 caeculto
737 3031 821 3098 unde
844 3033 990 3098 Plautus:
1014 3053 1163 3097 numnam
1186 3053 1213 3098 e.
1237 3053 1265 3115 q.
1288 3053 1312 3097 s,

300 3138 375 3204 XIV
398 3140 517 3205 Paulus
539 3161 569 3224 p.
583 3141 632 3222 77,
658 3143 694 3206 17
711 3141 753 3205 Μ.
775 3143 953 3208 eiuratio
976 3141 1138 3225 significat
1160 3141 1204 3226 id,
1228 3141 1314 3224 quod
1340 3141 1393 3206 de·

202 3248 371 3323 uideretur,
393 3269 455 3315 nou
480 3269 576 3333 posse
600 3251 771 3334 praestari.
815 3252 962 3317 Plautus:
989 3253 1127 3317 oiuruvit
1149 3252 1307 3316 militiam.

301 3359 361 3424 XV
393 3359 513 3424 Paulus
547 3380 577 3443 p.
600 3360 651 3439 96,
676 3359 750 3424 3Μ.
785 3361 889 3426 iiber
918 3381 1020 3444 genus
1055 3361 1178 3427 bestiae
1210 3359 1394 3444 quadripeu

202 3467 348 3532 Plautus:
373 3469 418 3532 sic
434 3486 484 3531 me
500 3485 526 3531 e.
550 3487 579 3549 q.
604 3487 627 3532 s.
650 3487 712 3548 quo
736 3467 863 3532 nomme
887 3473 1048 3534 extremae
1076 3489 1150 3534 orac
1173 3467 1315 3534 fluminis
1340 3487 1393 3550 ap-

201 3576 370 3658 pellantur.
415 3574 555 3640 undeet
582 3574 679 3640 fibras
707 3575 880 3642 iocinorum
908 3583 940 3642 et
968 3577 1111 3642 fimbrias
1134 3579 1392 3643 vestimentorum

202 3684 346 3750 dicimus,

299 3793 377 3858 XVI
411 3792 529 3858 Paulus
561 3814 590 3877 p.
614 3794 663 3876 99,
687 3794 704 3857 7
731 3792 771 3857 Μ.
803 3793 957 3859 herbam
988 3795 1034 3860 do
1068 3815 1138 3860 cum
1173 3795 1228 3884 ait
1251 3795 1393 3869 Plautus5

203 3902 372 3986 siguificat,
405 3903 524 3968 victum
557 3923 607 3968 me
640 3903 756 3986 i'atcor3
790 3904 876 3985 quod
910 3913 959 3969 cut
995 3905 1147 3987 autiquae
1170 3910 1201 3968 et
1224 3903 1395 3990 pastoralis

202 4011 289 4076 vitae
313 4010 476 4076 indicium.
520 4033 592 4077 uam
616 4013 727 4094 quiin
750 4020 843 4096 prato
877 4033 969 4078 cursu
1003 4021 1060 4078 aut
1081 4013 1202 4079 viribus
1225 4013 1396 4078 contende·

202 4195 312 4249 toruus:
347 4195 397 4260 cfr.
416 4193 499 4263 upu.
520 4213 543 4250 o.
560 4199 624 4248 106:
645 4199 756 4265 praeter
775 4198 896 4249 aetatem
917 4200 945 4250 et
963 4195 1096 4250 virtutem
1116 4198 1217 4251 stultus
1236 4215 1264 4250 es
1275 4187 1421 4265 Stratipssf

202 4291 295 4360 pocles
315 4290 385 4344 caue
403 4289 446 4345 iu'c
465 4307 567 4360 quoquc
586 4309 614 4345 es
629 4292 849 4361 praeoptantium
866 4293 980 4348 uidetur.
1018 4296 1118 4362 capitis
1135 4295 1219 4349 Pautr'
1229 4294 1304 4348 codd.
1316 4293 1397 4346 huius

204 4386 301 4454 capitis
322 4385 466 4439 Osberuus.
539 4385 591 4438 235
611 4387 705 4456 supple
725 4403 799 4440 nuuc
816 4389 856 4442 oct
874 4387 928 4441 cito
948 4388 988 4442 cat
1006 4388 1073 4456 quin
1165 4391 1217 4440 236
1237 4387 1309 4439 oculi
1329 4385 1396 4437 mihi

205 4481 338 4536 osbernus
359 4482 407 4535 ubi
426 4486 467 4536 cst
479 4481 592 4536 Hermio
606 4481 750 4537 Osbcruus.
823 4485 875 4537 239
894 4485 1004 4538 salicem
1017 4483 1087 4538 fiber
1099 4481 1269 4551 transposuit
1281 4479 1398 4534 Bottc'us

204 4595 287 4632 uuum
304 4595 408 4632 uersum
428 4579 572 4632 irrmbr'cuur
593 4578 731 4648 esfiuprua
756 4579 803 4648 qur'
828 4579 866 4632 sic
890 4593 992 4648 quoque
1012 4586 1097 4647 potest
1121 4580 1216 4632 scarutr'
1239 4580 1318 4647 quasi
1338 4577 1357 4630 I.
1376 4595 1397 4630 s.

207 4674 345 4728 mordens.
372 4675 497 4743 Weisr'us‚
517 4680 548 4728 ut
566 4677 641 4744 solat,
660 4693 718 4729 cura
734 4677 864 4745 sequitur.

1232 4777 1248 4827 5
