3578 5336
914 469 1086 520 ..35-

914 672 1088 738 FRETVM

555 787 646 856 Nune
677 786 756 852 illud
789 791 838 852 est
869 783 955 870 quod
986 802 1174 868 responsum
1208 783 1338 848 arretini
1372 781 1458 849 ludis
1491 782 1598 866 magis

849 894 966 960 dieitur

449 999 452 1005 ’
518 1099 520 1104 ¹
553 1008 677 1086 Peribo,
701 1007 728 1072 si
750 1026 814 1072 non
835 1004 952 1086 fecero,
975 1004 1003 1069 si
1018 1003 1104 1086 faxo,
1126 1001 1296 1087 vapultbo.

868 1197 1128 1264 FRIVOLARIA

991 1326 1007 1389 I

551 1437 716 1506 commodo
738 1436 923 1504 dictitemus

984 1561 1017 1626 ΙΙ

552 1676 585 1742 Is
620 1674 697 1741 mihi
731 1679 802 1740 erat
833 1671 918 1751 bilis,
954 1672 1009 1747 [ts]
1043 1689 1129 1751 aqua
1154 1669 1302 1750 intercus,
1328 1668 1369 1750 [is
1392 1667 1473 1750 erat]
1497 1670 1594 1737 tussis

851 1784 1040 1863 querquera.

437 2003 438 2008 ἵ
502 2018 677 2086 FRETVM
699 2018 824 2084 Gellius
839 2018 878 2084 N.
891 2018 927 2082 Α.
942 2018 998 2094 ΙΙΙ,
1016 2019 1047 2099 3,
1064 2018 1082 2081 7
1106 2037 1163 2083 nos
1179 2035 1304 2100 quoque
1321 2017 1389 2118 ipsi·
1399 2018 1593 2101 nuperrime,

403 2150 475 2196 eum
498 2130 677 2211 legeremus
701 2128 833 2195 Fretum
856 2163 894 2172 -
918 2116 1033 2194 nomen
1048 2134 1098 2192 est
1114 2127 1147 2192 id
1162 2125 1358 2207 comoediae,
1375 2147 1470 2209 quam
1486 2127 1592 2192 Plauti

403 2257 475 2304 esse
507 2237 638 2319 quidam
673 2258 734 2302 non
758 2243 872 2319 putant
895 2272 936 2281 —
960 2236 1037 2301 haut
1072 2236 1243 2318 quiequam
1266 2235 1492 2311 dubitavimus,
1515 2237 1595 2320 quin

403 2367 443 2413 ea
464 2347 570 2413 Plauti
605 2346 687 2412 foret
719 2354 751 2412 et
782 2345 922 2411 omnium
949 2344 1077 2428 quidem
1101 2347 1239 2410 maxime
1262 2346 1412 2428 genuina.
1459 2345 1593 2428 Exque

403 2456 466 2523 due
496 2455 555 2523 hos
587 2475 698 2522 versus
734 2457 971 2542 exscripsimus,
1005 2463 1039 2520 ut
1071 2454 1237 2520 historiam
1259 2474 1486 2537 quaereremus
1508 2475 1592 2520 ora·

403 2566 486 2630 euli
508 2565 695 2632 arretini:
717 2585 801 2631 nune
825 2565 905 2631 illud
927 2585 955 2630 e.
979 2586 1009 2648 q.
1031 2584 1055 2629 s.

502 2668 765 2741 FRIVOLARIA
795 2675 811 2738 Ι
844 2673 1012 2740 Charisius
1033 2694 1063 2759 p.
1088 2675 1156 2751 193,
1184 2675 1223 2740 14
1243 2675 1281 2740 K.
1313 2695 1372 2758 par
1406 2681 1464 2748 est,
1498 2680 1532 2740 ut
1562 2676 1595 2739 in

403 2785 511 2850 multis
534 2783 705 2867 generibus
729 2782 923 2850 istiusmodi
940 2783 1103 2862 dictionis,
1128 2782 1330 2849 commodo
1353 2782 1591 2866 commodeque,

403 2901 437 2960 ut
458 2893 591 2960 Plautus
614 2893 648 2958 iu
671 2891 850 2957 Frivolaria
868 2889 1046 2956 ‘commodo
1069 2890 1281 2958 dietitemus’.
1309 2892 1353 2957 id.
1370 2912 1400 2975 p.
1418 2892 1488 2966 196,
1515 2893 1534 2955 9
1552 2893 1593 2956 K.

402 3002 552 3068 similiter
566 3008 597 3068 et
612 3001 777 3068 commodo
792 3001 951 3083 dixerunt,
966 3008 1000 3066 ut
1018 3001 1149 3067 Plautus
1165 3001 1197 3067 in
1215 3001 1401 3067 Friuolaria
1462 3002 1494 3067 ΙΙ
1511 3001 1592 3066 Peu-

402 3112 453 3178 lus
475 3132 506 3195 p.
530 3111 599 3191 256,
625 3111 662 3176 ll
679 3111 719 3174 Μ.
744 3129 1001 3193 querqueram
1024 3109 1179 3193 frigidam
1195 3130 1265 3176 oum
1280 3117 1416 3178 tremore
1433 3111 1591 3178 atlraeeo

500 3329 616 3384 Fretum
633 3329 710 3386 codd.
722 3331 868 3384 Feretrum
883 3331 1050 3386 Ritselrela‘as
1071 3332 1183 3402 Parerq.
1200 3337 1295 3402 p.130
1313 3332 1433 3387 coniecit.
1502 3335 1534 3387 61
1554 3330 1595 3385 sio

401 3426 476 3482 codd.
488 3445 562 3482 nuno
572 3428 643 3481 illud
654 3431 695 3482 est
707 3445 790 3497 quom
800 3429 895 3482 Arreti
908 3429 982 3482 ludis
992 3428 1099 3499 magnis
1110 3432 1270 3499 responsum
1281 3429 1504 3485 daturHertao'us
1514 3428 1593 3483 Rom.

402 3523 517 3579 Gallitta.
528 3529 612 3579 mont.
631 3528 702 3579 1868
717 3540 745 3592 p.
756 3527 789 3578 19
808 3524 971 3579 Luebbertus
981 3524 1132 3579 Grammot.
1151 3525 1228 3580 Slad.
1239 3526 1277 3580 II
1284 3543 1311 3594 p.
1321 3529 1381 3582 214.
1401 3525 1454 3580 hoo
1464 3531 1506 3580 est
1516 3525 1594 3595 illud,

402 3621 482 3689 Quod
494 3621 643 3676 arietinum
662 3622 767 3678 dicitur
787 3621 947 3690 responsum
967 3621 1075 3692 magnis
1089 3621 1160 3676 liudis
1172 3621 1295 3677 Botha'us.
1315 3623 1390 3691 quod
1404 3640 1477 3677 nuno
1487 3623 1595 3676 illustre

402 3723 452 3787 est,
486 3718 565 3786 Quod
593 3719 741 3773 arietinum
765 3735 927 3787 responsum
947 3718 1056 3788 magnis
1076 3718 1148 3773 ludis
1167 3719 1271 3774 dieitur
1295 3719 1458 3774 Ritechelius
1483 3719 1592 3787 Porerq.

398 3829 428 3882 p.
447 3818 489 3868 85.
520 3831 594 3871 nuno
622 3817 664 3870 eat
691 3816 766 3883 quod
794 3832 956 3884 responsum
984 3815 1134 3869 irietinum
1152 3815 1224 3869 ludis
1244 3815 1351 3886 magnis
1376 3815 1479 3870 dieitur
1498 3813 1593 3869 Foco-

402 3909 505 3965 euema
532 3911 590 3966 aa
608 3911 704 3968 Karou
722 3913 749 3966 a.
768 3911 918 3979 urescere.
937 3913 961 3966 a
980 3911 1046 3967 eeu.
1075 3930 1104 3981 p.
1124 3917 1171 3968 22.
1197 3930 1270 3967 nune
1298 3912 1368 3967 irruo
1395 3917 1437 3967 ese
1455 3887 1594 3966 irretita

403 4006 477 4075 quod
505 4024 666 4078 responsum
694 4011 765 4064 hidis
792 4010 899 4081 magnis
928 4009 1031 4064 dieitur
1050 4009 1118 4064 idem
1132 4026 1188 4064 ear.
1208 4025 1258 4065 seo.
1296 4025 1400 4065 uersuum
1419 4025 1520 4064 sonare
1537 4025 1593 4062 aon

399 4102 486 4172 poteri.
545 4106 579 4158 62
598 4106 719 4174 peribosi
739 4107 799 4174 Ppr
835 4106 867 4161 de
885 4105 950 4160 faxo
969 4106 1019 4172 cfr.
1039 4106 1094 4160 Leo
1113 4106 1205 4162 Herm.
1226 4106 1342 4162 XVIII
1351 4123 1382 4176 p.
1399 4109 1461 4161 585.

507 4199 693 4256 Friuolariam
711 4203 820 4256 tilulum
839 4219 857 4256 o
872 4202 946 4258 ousta
962 4201 1089 4268 riottlilnu
1111 4201 1260 4258 moratam
1283 4219 1338 4258 ease
1359 4201 1484 4256 simililer
1502 4219 1534 4256 uo
1552 4201 1593 4255 ci-

401 4296 553 4351 stellariam
571 4303 596 4352 ot
614 4297 787 4352 Viduloriam
802 4303 934 4370 proponit
956 4299 1082 4356 Loesius
1101 4299 1203 4353 Prodr.
1219 4316 1250 4368 p.
1270 4303 1334 4356 292.
1377 4314 1469 4354 ueram
1479 4299 1513 4353 69
1523 4315 1589 4353 oom-

373 4429 376 4438 ι
400 4399 520 4462 paratus
537 4411 595 4449 curn
615 4395 697 4451 Gellii
714 4397 801 4452 veroid
820 4397 858 4452 N.
876 4399 910 4451 Δ.
930 4397 1049 4460 XVIII,
1073 4401 1098 4465 7,
1123 4402 1142 4452 3
1160 4397 1283 4468 glosario
1306 4414 1426 4467 namque
1448 4395 1594 4466 conlegitis

402 4494 430 4543 et
447 4490 558 4560 lexidiu
577 4509 620 4546 res
640 4496 745 4547 taetras
764 4498 792 4547 et
810 4493 904 4550 inanes
923 4500 952 4549 et
963 4496 1085 4563 frivolas,
1105 4500 1246 4565 tamquam
1262 4496 1408 4549 mulierum
1421 4511 1501 4550 voees
1514 4510 1593 4563 prae·

401 4587 515 4643 {icarum
542 4583 665 4644 eadam
689 4589 805 4659 ridetur,
831 4592 913 4646 aium
931 4592 1010 4646 haias
1038 4592 1112 4647 tituli
1140 4592 1241 4647 frivola
1269 4592 1442 4647 translaticia
1459 4592 1593 4645 intellecto

402 4701 463 4739 esse.
536 4689 570 4739 64
594 4705 654 4741 eras
679 4687 767 4742 Prisc.
792 4687 869 4742 codd.
895 4688 1061 4742 RBADK.
1098 4689 1162 4744 bilis
1186 4689 1275 4744 Prtse
1303 4694 1327 4742 et
1356 4688 1433 4742 Festi
1460 4694 1485 4743 et
1508 4687 1594 4741 Paeti
