3578 5336
702 448 878 502 ..17-

29 615 42 676 ‚³
66 639 82 682 τ
194 625 250 688 est.
274 635 377 702 neque
399 635 510 684 versus
533 635 605 682 esse
626 616 708 684 alius
724 617 912 700 cuiusquam
935 623 1050 703 poetae
1072 637 1129 686 cur
1150 627 1298 706 putemus
1321 623 1388 688 ulla

51 749 87 790 ·.
194 736 243 795 est
266 747 373 793 causa.
426 745 467 790 an
499 726 527 790 si
560 743 635 788 vere
657 723 740 790 Men.
762 725 821 806 111,
856 727 882 808 l,
910 727 984 791 3et
1004 728 1025 790 4
1046 728 1189 796 intercisi
1211 734 1293 807 sunt,
1324 750 1388 796 uon

47 890 86 900 ..
193 836 259 903 duo
281 836 386 902 Plauti
408 833 556 917 exempla
578 833 700 900 adferri
723 837 915 916 potuerunt?
937 835 995 901 sed
1016 856 1055 902 ne
1079 836 1140 902 hoc
1162 835 1290 920 quidem
1306 858 1388 921 opus

193 955 243 1014 est
264 945 379 1029 accipi,
403 943 477 1008 illos
499 942 581 1008 llen.
604 962 717 1009 versus
740 943 876 1010 omissos
898 964 979 1011 esse.

292 1052 391 1120 Nonii
413 1072 444 1135 p.
470 1053 540 1132 180,
572 1052 592 1115 9
622 1045 776 1136 ‘tippula
811 1051 931 1118 animal
958 1054 1153 1122 levissimum
1176 1056 1263 1138 quod
1284 1077 1387 1141 aquas

194 1185 258 1231 non
280 1162 397 1242 nando,
429 1161 487 1226 sed
517 1159 696 1244 gradiendo
727 1167 877 1226 transeat
924 1160 1026 1228 Varro
1058 1184 1084 1229 e.
1112 1184 1142 1246 q.
1171 1184 1198 1229 s.
1240 1165 1385 1232 Plautus:

193 1274 352 1340 leviores
375 1291 470 1355 quam
492 1260 633 1355 tippula’
660 1269 746 1336 haud
768 1277 865 1351 recte,
899 1277 933 1336 ut
956 1272 1079 1355 opinor,
1113 1293 1224 1340 omnes
1246 1274 1387 1342 editores

194 1381 368 1449 adPersae
389 1401 417 1444 v.
434 1380 496 1444 244
520 1372 641 1461 ‘neque
654 1379 792 1463 tippulai
805 1379 908 1446 levius
923 1380 1063 1464 pondust
1078 1402 1174 1464 quam
1196 1383 1277 1450 fides
1300 1384 1387 1450 leuo-

193 1483 255 1557 nia’
299 1491 498 1556 rettulerunt.
553 1494 586 1554 et
616 1489 795 1554 sententiae
828 1496 860 1554 et
893 1489 992 1554 verba
1023 1490 1120 1574 plane
1142 1490 1272 1557 diversa
1305 1501 1389 1560 sunt.

193 1619 298 1682 neque
320 1605 427 1664 autern
451 1598 534 1662 inter
557 1617 667 1662 omnes
691 1617 802 1662 versus
823 1597 990 1664 Plautinos
1013 1618 1034 1662 a
1055 1599 1161 1665 Nouio
1196 1601 1386 1686 descriptos,

194 1710 249 1792 qui
272 1706 369 1774 iidem
393 1707 427 1772 in
449 1707 555 1774 Plauti
578 1706 745 1772 codicibus
768 1706 924 1792 leguntur,
949 1727 1045 1774 unum
1068 1709 1215 1776 invenies
1239 1710 1389 1778 similiter

195 1818 417 1900 depravatum.
475 1816 635 1881 contrario
657 1813 782 1880 Nonius
815 1817 895 1899 ipse,
927 1817 1051 1883 etiamsi
1074 1815 1254 1884 tabularum
1277 1819 1388 1884 titulos

34 1961 50 1970 ··
89 2001 97 2010 ,
184 1944 434 2008 nonnumquam
457 1925 638 2005 conludit1)
663 1945 767 2008 neque
788 1945 914 2010 semper
935 1933 1025 1991 tanta
1040 1925 1212 2010 diligentia
1231 1947 1307 1994 usus
1331 1933 1389 2008 est,

194 2043 228 2101 ut
251 2018 471 2119 exemplorum
494 2035 527 2100 iu
548 2035 691 2100 lontibus
714 2041 911 2118 repertorum
935 2041 1035 2102 totum
1049 2042 1232 2102 contextum
1254 2037 1286 2102 in
1308 2056 1388 2120 opus

194 2163 286 2210 suum
309 2146 506 2218 transferret,
529 2151 636 2210 tamen
659 2145 786 2227 singula
808 2145 907 2210 verba
928 2145 1008 2210 satis
1029 2144 1185 2211 adcurate
1206 2145 1388 2228 exscripsit

194 2273 298 2336 neque
321 2253 390 2319 eius
413 2261 561 2320 auctores
585 2255 616 2318 in
638 2253 785 2318 versibus
808 2252 1028 2319 describendis
1053 2253 1152 2318 simili
1179 2273 1218 2318 ac
1240 2252 1388 2320 Servium

194 2362 397 2446 neglegentia
419 2382 495 2428 usos
517 2363 627 2440 fuisse,
660 2363 760 2460 ullum
781 2361 874 2428 adest
896 2362 1062 2428 indicium.
1116 2364 1163 2429 sic
1199 2364 1303 2446 potius
1337 2382 1388 2428 res

34 2538 39 2548 ,
151 2554 158 2566 ¹
193 2490 265 2538 sese
293 2469 411 2538 habere
443 2470 584 2536 videtur:
618 2477 780 2536 auctorem
813 2471 1032 2537 commentarii
1067 2472 1268 2554 Varroniapi,
1302 2471 1389 2536 uude

193 2580 318 2646 Nouius
342 2580 405 2646 ista
436 2581 585 2663 exempla
617 2579 805 2662 desumpsit.
837 2586 871 2644 ut
895 2579 999 2666 Verrii
1030 2580 1134 2664 copiis
1157 2581 1288 2664 saepius
1310 2600 1388 2664 usus

193 2687 283 2769 est2),
318 2689 364 2754 ita
397 2708 481 2772 quae
512 2687 555 2754 ad
580 2686 770 2773 ‘tippulam'
805 2688 986 2772 adscripsit,
1023 2689 1166 2754 eVerrii
1190 2709 1287 2772 opere
1309 2689 1388 2754 hau·

193 2799 275 2864 sisse
299 2793 414 2880 probat
435 2797 660 2882 interpretatio
683 2797 778 2864 lruius
800 2799 934 2864 voculae
957 2798 1069 2864 eadem
1092 2819 1112 2862 a
1133 2798 1240 2865 Nonio
1264 2797 1283 2861 l.·
1307 2817 1335 2862 a.
1357 2804 1389 2864 et

193 2907 328 2972 aPaulo
349 2928 379 2991 p.
395 2909 457 2972 366
478 2909 617 2990 prolata:
640 2907 773 2973 Verrius
796 2906 859 2971 duo
878 2909 1025 2991 exempla
1040 2907 1192 2974 Plautina
1214 2907 1388 2981 adiecerat,

193 3021 226 3080 et
248 3015 308 3080 hoc
327 3013 444 3081 ‘levior
465 3035 500 3080 es
524 3036 620 3098 quam
646 3005 785 3099 sippula'
817 3025 849 3082 et
874 3015 991 3082 Persae
1013 3037 1042 3078 v.
1057 3017 1129 3095 244,
1151 3036 1286 3098 quorum
1307 3017 1387 3081 alte·

193 3143 272 3203 rum,
296 3131 330 3189 ut
350 3125 438 3189 soliti
464 3131 537 3190 sunt
551 3123 662 3207 copias
683 3125 808 3206 amplas
832 3125 1030 3204 contrahere,
1053 3123 1168 3190 Festus
1190 3126 1240 3190 vel
1257 3125 1387 3208 Paulus,

193 3231 326 3298 alterum
340 3231 532 3298 Varroniaui
555 3232 776 3298 commentarii
800 3239 910 3298 auctor
932 3233 984 3297 vel
1007 3232 1131 3299 Nonius
1155 3236 1387 3316 receperuntssl.

293 3491 317 3554 l)
335 3490 475 3544 Nonnulla
494 3491 620 3559 exempla
634 3491 748 3560 collegit
761 3490 966 3544 Studemnndus
984 3489 1214 3547 ‘Emendationes
1228 3491 1384 3548 Plautinae’

193 3601 219 3654 p.
240 3589 272 3638 14
293 3603 333 3654 sq.
1017 3640 1020 3647 .

291 3681 320 3749 2)
340 3681 371 3735 V.
391 3681 537 3736 Schmidtii
557 3681 604 3736 ‘de
622 3682 705 3736 Nouii
724 3683 850 3738 Marcelli
875 3685 1034 3739 auctoribus
1056 3683 1257 3754 grammaticis'
1279 3704 1305 3756 p.
1328 3688 1387 3742 131.

235 3825 239 3833 .
293 3779 321 3845 3)
341 3777 442 3832 Versus
461 3779 522 3834 ‘sed
542 3778 604 3832 leno
624 3779 768 3849 egreditur
787 3779 870 3849 foras,
890 3781 962 3835 Hinc
981 3799 1014 3834 ex
1033 3782 1143 3836 occulto
1162 3800 1316 3838 sermonem
1330 3784 1387 3838 eius

192 3872 347 3942 sublegam'
372 3874 407 3928 ab
436 3875 590 3928 editoribus
620 3876 694 3930 inter
722 3875 880 3946 fragmenta
909 3878 1015 3932 ineerta
1038 3878 1121 3946 positi
1150 3878 1179 3946 (a
1198 3879 1299 3932 Bothio
1319 3898 1339 3933 a.
1360 3899 1386 3935 n.

192 3969 239 4038 37)
258 3968 332 4037 apud
349 3968 421 4022 Non.
441 3988 468 4038 p.
489 3973 550 4038 332,
569 3973 601 4024 31
624 3991 658 4026 nx
677 3974 822 4027 Aulularia
841 3974 944 4044 prolati
967 3979 1039 4027 sunt.
1085 3975 1162 4028 cuius
1190 3975 1301 4030 fabulae
1325 3995 1387 4031 cum

192 4067 228 4120 cb
248 4064 352 4118 lenonis
371 4066 540 4120 mentionem
559 4080 616 4122 ense
636 4087 692 4123 non
711 4069 826 4138 possint,
846 4069 997 4122 Mercerius
1018 4070 1157 4139 ceterique
1168 4071 1252 4126 Nouii
1267 4074 1387 4128 editores

191 4177 237 4214 eos
265 4161 301 4214 ad
319 4159 490 4215 Vidulariam
511 4166 689 4234 rettulerunt,
717 4165 922 4220 Studemundus
950 4166 1023 4220 inter
1041 4161 1202 4222 Vidulariee
1230 4168 1387 4240 fragmenta

189 4257 303 4364 &cepit
323 4273 490 4326 quamquam
521 4261 608 4322 ‘haud
636 4263 704 4316 satis
731 4261 859 4330 liqueret,
889 4262 1027 4329 quomodo
1059 4264 1165 4317 lenonis
1188 4283 1386 4335 personarum

191 4350 356 4421 ar'gumento
375 4354 538 4410 Vidulariae
556 4358 724 4412 annectenda
742 4355 832 4410 ess'et’.
882 4357 999 4412 fortasse
1027 4358 1185 4429 fragmento
1204 4360 1270 4414 VIll
1302 4363 1387 4416 ‘nune

191 4465 285 4504 servos
315 4456 461 4522 argentum
492 4470 508 4506 a
536 4459 616 4522 patre
639 4452 864 4524 expalpabitur'·
880 4455 986 4510 lenonis
1015 4473 1135 4525 persona
1161 4455 1285 4513 fulcitur.
1323 4476 1386 4512 cum

191 4545 264 4600 enirn
284 4548 397 4626 omnino
417 4548 451 4601 de
470 4566 560 4602 amore
581 4552 608 4602 in
627 4549 773 4606 Vidularia
792 4555 886 4606 actum
903 4552 948 4620 sit,
976 4558 1125 4622 argentum
1148 4553 1230 4608 facile
1251 4554 1386 4623 interpre-

190 4642 293 4696 taberis
313 4649 429 4714 epatre
457 4645 617 4712 extorqueri
640 4646 675 4699 ed
696 4645 850 4701 Soterinem
871 4648 1008 4718 virginem
1028 4667 1043 4702 a
1063 4650 1160 4703 lenone
1187 4649 1385 4705 redimendam.

1221 4748 1237 4799 2
