3578 5336
828 427 1077 524 .’-4”

406 641 544 707 iudicari
567 659 662 724 posse
686 660 706 705 a
727 639 1000 706 Varronianarum
1024 640 1146 706 ordine.
1190 647 1330 706 attamen
1345 642 1447 708 Varro
1469 647 1597 712 omnino

404 752 509 818 minus
534 771 575 816 ex
598 751 689 816 istius
712 750 799 815 modi
822 750 1065 832 quaestionibus
1087 752 1254 835 perpensis
1278 772 1374 834 quam
1398 753 1485 818 efrlo
1501 761 1596 838 atque

404 862 524 927 facetia
545 861 700 926 sermonis
723 860 837 925 Plauto
860 861 1074 943 congruentis,
1097 867 1131 925 ut
1153 859 1251 926 Gellii
1274 863 1380 930 verbis
1403 873 1483 942 utar,
1506 866 1593 930 labn-

403 972 505 1038 larum
523 971 680 1054 originem
703 988 814 1035 eruere
836 968 998 1035 studuisse
1019 971 1155 1036 videtur.
1199 973 1232 1036 ni
1256 973 1302 1036 ita
1323 993 1358 1038 se
1380 994 1432 1038 res
1455 974 1595 1052 baberet,

404 1100 534 1165 prorsus
566 1077 652 1145 hand
687 1079 954 1162 intellegeremus,
988 1079 1147 1161 quomodo
1180 1080 1250 1146 fieri
1283 1084 1422 1165 potuerit
1455 1085 1596 1167 exempli

404 1191 507 1273 gratia
529 1195 564 1253 ut
587 1188 751 1253 Boeotiam
775 1187 918 1252 fabulam
940 1188 998 1252 sub
1023 1189 1145 1270 Aquilii
1168 1191 1295 1254 nomine
1318 1191 1468 1256 traditam
1482 1193 1596 1258 Plauto

403 1297 584 1363 vindicaret
603 1298 656 1362 vel
679 1297 786 1379 potius
809 1316 921 1362 versus
943 1295 1081 1363 aGellio
1103 1305 1246 1364 seruatos
1266 1299 1526 1368 Plautinlssimos
1548 1302 1595 1368 iu·

404 1406 536 1484 dicaret,
561 1425 640 1489 quos
656 1407 832 1472 recentiore
849 1426 942 1488 quam
960 1407 1067 1472 Plauti
1084 1413 1188 1474 aetate
1204 1415 1332 1474 exortos
1348 1429 1419 1476 esse
1435 1430 1452 1474 e
1468 1411 1596 1476 solariis

404 1517 587 1582 memoratis
608 1515 804 1580 Ritschelius
827 1517 946 1580 statuit.
990 1523 1131 1599 opponat
1154 1517 1313 1600 quispiam
1337 1539 1407 1584 cunr
1419 1518 1597 1585 Ritschelio

404 1645 466 1690 non
490 1625 626 1690 Varroni
658 1623 715 1690 sed
738 1625 843 1690 Gellio
878 1625 939 1690 hoc
972 1627 1082 1691 vitium
1118 1646 1188 1691 esse
1216 1627 1445 1710 imputandum,
1476 1629 1596 1713 qnippe

404 1735 469 1817 qui,
492 1756 565 1800 eum
587 1736 752 1818 expressis
767 1735 876 1800 verbis
894 1735 981 1800 dicat
998 1756 1032 1802 se
1047 1737 1209 1802 Boeotiam
1230 1730 1444 1821 ‘nuperrime’
1466 1740 1595 1822 legisse,

404 1845 508 1909 minus
537 1845 676 1910 feliciter
704 1844 762 1909 hos
791 1845 878 1928 ipsos
906 1863 1016 1910 versus
1038 1847 1172 1928 elegerit
1195 1853 1385 1914 retractatos
1405 1849 1597 1912 contrarium

404 1953 557 2019 docentes
585 1973 623 2019 ae
647 1954 769 2018 Gellius
784 1953 868 2036 'ipse
897 1953 1044 2019 voluerit.
1089 1955 1185 2018 immo
1212 1955 1291 2020 haec
1313 1959 1406 2022 unica
1426 1965 1512 2022 esset
1532 1958 1595 2032 via,

404 2081 468 2144 qua
498 2082 549 2127 res
585 2061 743 2144 explicari
778 2068 895 2144 posset,
930 2062 957 2126 si
980 2062 1098 2126 talibus
1122 2061 1217 2128 Gellii
1240 2065 1346 2130 verbis
1370 2067 1496 2131 sincera
1517 2065 1597 2130 fides

403 2178 497 2236 esset.
541 2177 682 2254 quantae
706 2191 780 2236 vero
808 2170 906 2236 fuerit
934 2172 1074 2237 levitatis
1099 2171 1231 2251 Gellius,
1265 2173 1359 2238 valde
1389 2174 1516 2256 insigne
1541 2173 1596 2238 do·

405 2288 596 2354 armentum,
631 2280 717 2362 quod
750 2279 872 2344 detexit
896 2279 1140 2346 Kretschmerus
1171 2275 1229 2346 ‘de
1265 2283 1300 2346 A.
1323 2281 1421 2346 Gellii
1444 2273 1597 2348 lontibus'

299 2415 305 2428 ·
405 2411 435 2474 p.
462 2390 510 2472 14,
544 2388 700 2454 habemus
729 2389 803 2453 libri
830 2391 907 2454 noni
933 2397 1030 2474 caput
1052 2396 1209 2473 quartum,
1244 2390 1297 2455 ubi
1319 2391 1418 2456 libros
1441 2392 1596 2470 Aristeae,

404 2499 534 2582 Isigoni,
567 2498 703 2564 aliorum
731 2519 766 2563 se
794 2499 910 2564 emisse
940 2507 972 2563 et
994 2499 1111 2580 legisse
1135 2499 1285 2586 mentitus
1308 2506 1364 2577 est,
1399 2521 1532 2582 quorum
1556 2521 1596 2566 ex

306 2691 307 2697 ἵ
405 2628 467 2674 uno
492 2602 598 2672 Plinio
622 2605 769 2671 notitiam
792 2606 937 2687 sumpsit.
982 2624 1085 2687 neque
1109 2627 1178 2670 cum
1202 2627 1282 2672 sana
1304 2608 1427 2672 ratione
1450 2610 1597 2690 congruit

405 2714 622 2782 Kretschmeri
647 2712 801 2779 iudicium
822 2707 897 2778 ‘sed
919 2713 1110 2796 quandoque
1134 2714 1236 2780 bonus
1258 2715 1408 2782 dormitat
1424 2717 1594 2782 Homerus:

404 2826 526 2892 infelici
547 2825 626 2890 hora
647 2825 676 2888 ei
700 2823 827 2896 accidit,
847 2829 882 2887 ut
904 2843 924 2887 a
948 2824 1093 2899 veritate,
1117 2843 1212 2905 quam
1234 2825 1317 2890 alias
1340 2827 1474 2891 amicam
1498 2826 1595 2891 habe-

403 2935 468 3016 bat,
490 2935 550 3000 hoc
572 2935 643 2998 loco
663 2921 880 3010 descisceret',
904 2931 961 2996 sed
976 2931 1037 2997 hoo
1056 2953 1153 2998 unum
1169 2935 1349 3018 exemplum
1365 2934 1478 3000 suadet
1490 2933 1595 3000 Gellio

404 3043 499 3109 fidem
529 3049 563 3107 ut
591 3043 793 3125 abrogemus,
827 3042 1110 3124 quotienscumque
1143 3063 1184 3106 ex
1217 3043 1290 3107 aliis
1322 3043 1428 3108 causis
1459 3044 1500 3110 de
1528 3045 1595 3108 eius

404 3152 510 3217 verbis
533 3151 676 3235 suspicio
695 3157 847 3217 movetur.
892 3169 994 3232 neque
1016 3172 1099 3233 quae
1123 3151 1162 3216 de
1174 3153 1279 3218 Plauti
1302 3153 1420 3219 fabulis
1443 3155 1595 3219 lectitatis

404 3261 535 3346 protulit
556 3269 666 3327 carent
687 3261 770 3324 omni
793 3259 985 3342 suspicione.
1031 3270 1065 3326 ut
1086 3262 1168 3325 infra
1195 3283 1363 3344 exponam,
1393 3265 1595 3346 antiquitatis

404 3371 520 3438 studiis
542 3369 700 3436 Hadriani
732 3375 837 3434 aetate
869 3371 1110 3436 renascentibus
1143 3371 1270 3436 fabulae
1300 3392 1364 3436 una
1386 3378 1417 3437 et
1440 3374 1596 3455 vigintia

404 3481 547 3546 Varrone
576 3486 765 3562 segregatae
794 3486 917 3545 tantum
945 3482 1201 3564 praevaluerunt,
1234 3490 1267 3546 ut
1294 3487 1419 3548 ceterae
1443 3483 1509 3548 fere
1532 3503 1594 3546 orn·

404 3591 481 3656 nino
503 3590 754 3673 neglegerentur.
800 3608 933 3671 quarum
962 3589 1042 3656 haec
1071 3590 1128 3655 illa
1159 3609 1216 3670 per
1249 3611 1359 3657 casum
1393 3593 1424 3656 in
1456 3592 1595 3656 virorum

404 3698 568 3764 doctorum
588 3719 701 3764 manus
724 3699 861 3764 fortasse
889 3699 986 3775 venit,
1012 3700 1095 3765 sicut
1119 3699 1219 3766 Colax
1241 3708 1272 3765 et
1295 3700 1427 3776 Caecus,
1461 3721 1595 3782 quarum

404 3809 537 3874 alteram
560 3808 686 3872 Marcus
707 3808 866 3886 Aurelius,
890 3809 1021 3873 alteram
1044 3810 1318 3874 IuliusRomanus
1343 3817 1376 3874 ut
1400 3811 1487 3892 ipsas
1508 3811 1595 3874 leoti-

404 3917 550 3996 tarerint,
584 3917 701 3984 lactum
735 3938 806 3984 esse
843 3924 956 4000 potest.
1000 3923 1123 3982 tautum
1153 3938 1226 3982 vero
1258 3917 1408 3992 studium,
1445 3924 1594 4000 quantum

405 4025 504 4092 Gellii
526 4026 626 4093 verba
647 4029 757 4094 testari
782 4028 938 4101 videntur,
961 4027 989 4092 si
1013 4046 1139 4092 revera
1160 4027 1305 4092 homines
1321 4028 1453 4091 litterati
1468 4028 1596 4092 sacculo

405 4135 547 4200 seeundo
574 4135 606 4200 in
635 4157 691 4203 eas
715 4137 933 4214 eontulissent,
967 4136 1061 4201 valde
1084 4136 1197 4201 mirum
1222 4143 1316 4208 esset,
1351 4135 1435 4217 quod
1458 4135 1596 4218 vestigia

405 4246 475 4312 eius
500 4266 562 4310 non
584 4247 686 4312 solum
708 4248 740 4310 in
764 4247 880 4312 ceteris
896 4247 993 4312 Gellii
1015 4242 1106 4312 libris
1128 4245 1186 4312 sed
1208 4246 1306 4311 ctiam
1328 4246 1361 4310 in
1384 4245 1594 4312 recentiorum

405 4355 684 4438 grammaticorum
719 4357 867 4440 operibns
904 4377 1033 4440 prorsus
1070 4358 1160 4423 nulla
1192 4357 1304 4423 relicta
1335 4363 1416 4421 sunt.
1472 4354 1595 4420 Gellius

405 4464 492 4528 enim
513 4461 636 4528 duobus
658 4471 780 4529 tantum
804 4473 931 4548 praeter
953 4466 1045 4543 lIl,3
1068 4467 1147 4532 locis
1168 4465 1294 4531 fabulas
1310 4485 1394 4530 nunc
1410 4463 1596 4546 deperditas

405 4578 571 4637 memorat:
595 4571 652 4648 Xl,
667 4573 736 4653 7‚5,
760 4571 851 4636 cuius
874 4573 991 4654 eapitis
1014 4573 1085 4637 lons
1111 4574 1238 4656 ignotus
1256 4578 1313 4650 est,
1337 4577 1368 4636 et
1383 4571 1436 4646 Vl,
1449 4571 1479 4649 9,
1490 4570 1518 4646 7,
1543 4572 1598 4635 ubi

404 4682 664 4763 Trigeminorum
697 4701 822 4747 versum
857 4681 962 4746 adl'ert
995 4703 1057 4746 non
1091 4682 1242 4747 el'abula
1265 4682 1345 4765 ipsa,
1379 4679 1435 4744 sed
1458 4700 1475 4743 e
1501 4679 1595 4744 Probi
