3578 5336
705 455 879 506 ...33-

783 625 895 710 11¹

592 915 595 921 .
674 861 917 928 consucvit

787 973 802 1038 Ι

348 1081 433 1162 Quid
455 1103 617 1150 cessamus
641 1082 733 1150 ludos
756 1081 885 1148 iacere?
908 1085 1010 1148 circus
1033 1089 1140 1150 noster
1163 1084 1238 1150 ecce
1260 1086 1361 1152 adest.

774 1192 806 1257 ll

349 1299 409 1382 Qut
432 1301 502 1386 regi
524 1299 745 1368 latrocinatu's
767 1301 869 1366 annos
893 1301 1003 1380 decem
1027 1301 1200 1368 Demetrio.

200 1557 290 1631 (coni.
315 1555 426 1620 Mucii.
449 1562 481 1620 et
502 1555 605 1636 codd.)
631 1554 664 1620 id
685 1553 816 1620 dubium
840 1561 965 1638 tempus
988 1554 1092 1621 noctis
1114 1575 1155 1621 an
1177 1555 1243 1620 diei
1263 1555 1313 1621 sit.
1335 1555 1393 1620 ita-

199 1685 262 1748 que
297 1665 331 1728 in
365 1663 520 1730 Condalio
548 1669 611 1729 cst:
643 1668 708 1727 tam
732 1682 757 1728 e.
781 1682 811 1744 q.
835 1681 860 1726 s.
901 1661 974 1728 ideo
1009 1660 1128 1728 dubiae
1159 1683 1217 1760 res
1241 1685 1393 1749 creperae

200 1773 315 1839 dictae.
370 1772 403 1838 Il
426 1773 540 1838 Festus
564 1793 596 1856 p.
619 1773 690 1854 229,
716 1773 751 1836 11
768 1771 809 1836 Μ.
832 1766 910 1857 [pro
932 1771 1062 1856 ponitur
1081 1773 1178 1838 etiam
1193 1793 1251 1857 pro
1268 1769 1391 1859 amipli-

199 1877 349 1968 fileandcl
373 1901 400 1947 e.
424 1901 454 1964 q.
479 1901 502 1948 s.
525 1883 607 1947 alias
630 1901 687 1964 pro
709 1876 936 1968 aldmiratione
963 1889 999 1947 ut
1021 1903 1079 1966 pro
1103 1883 1249 1967 luppiter
1269 1933 1304 1950 ..
1335 1885 1393 1950 Ac-

199 1994 267 2057 cius
290 1991 323 2056 in
346 1986 542 2078 Melani[ppo
566 2041 693 2056 .....
696 1985 706 2077 ]
726 2011 821 2056 manu
841 1993 960 2058 omium
985 2044 991 2058 .
1015 2041 1049 2058 ..
1083 1993 1216 2058 Plautus
1251 1995 1285 2058 in
1311 1992 1391 2059 (lon-

201 2101 288 2167 dalio
312 2153 318 2166 .
343 2153 381 2165 ..

300 2209 543 2276 CORNICVLA
583 2210 599 2273 l
629 2209 730 2276 Varro
755 2210 794 2276 de
817 2212 838 2276 l.
862 2211 882 2275 l.
906 2209 944 2287 V,
968 2212 1027 2276 153
1041 2210 1083 2276 Μ.
1112 2213 1326 2278 armilustrum
1353 2212 1393 2276 ab

201 2321 322 2385 ambitu
344 2320 453 2395 lustri;
474 2322 564 2385 locus
587 2319 672 2384 idern
695 2321 828 2386 circus
851 2321 1010 2385 maximus
1032 2319 1147 2401 dictus,
1169 2321 1255 2404 quod
1275 2321 1394 2387 circum

201 2429 395 2513 spectaculis
420 2428 619 2504 aedificatus,
643 2428 689 2494 ibi
712 2428 780 2493 ludi
803 2427 892 2510 fiunt,
922 2434 954 2494 et
976 2428 1061 2512 qnod
1085 2430 1130 2495 ibi
1154 2431 1272 2497 circum
1292 2436 1393 2494 motas

202 2539 302 2605 fertum
321 2558 440 2623 pompa
464 2545 496 2603 et
517 2539 593 2620 equi
616 2543 756 2604 currunt.
800 2537 910 2619 itaque
935 2537 1054 2604 dictum
1084 2537 1117 2604 in
1143 2538 1315 2605 Cornicula
1337 2539 1395 2602 rni-

202 2649 266 2714 litis
290 2647 430 2714 adventu
454 2667 548 2730 quem
572 2648 770 2713 circumeunt
790 2645 955 2712 ludentes:
978 2647 1055 2730 quid
1071 2668 1097 2712 e.
1114 2668 1145 2732 q.
1161 2668 1185 2714 s.
1247 2648 1395 2714 lIVarro

202 2757 242 2823 de
263 2759 283 2823 l.
307 2756 327 2821 l.
350 2757 422 2834 Vll,
444 2757 483 2821 52
502 2756 543 2820 M.
566 2757 599 2821 in
622 2755 806 2823 Cornicula:
830 2757 885 2840 qui
908 2776 935 2822 e.
959 2776 989 2838 q.
1013 2777 1037 2822 s.
1061 2758 1240 2822 latrones
1262 2755 1340 2820 dicti
1355 2756 1395 2821 ab

202 2868 312 2949 latere,
325 2868 380 2950 qui
393 2865 511 2932 circum
520 2867 622 2931 latera
634 2871 725 2932 crant
735 2867 803 2950 regi
814 2873 912 2950 atque
924 2865 966 2931 ad
976 2868 1077 2932 lutera
1087 2865 1250 2931 habebant
1262 2864 1393 2947 ferrum,

203 2995 282 3058 quos
292 2981 405 3058 postea
415 2995 434 3040 a
446 2973 618 3059 stipatione
632 2975 800 3058 stipatores
810 2975 1029 3057 appellarunt;
1045 2979 1100 3039 ant
1112 2975 1168 3057 qni
1178 2973 1396 3040 conduceban-

203 3092 268 3158 tur3
279 3105 318 3150 ea
328 3083 412 3149 enirn
425 3102 547 3148 merces
555 3101 671 3165 graece
683 3081 799 3148 dicitur
810 3077 935 3164 λάτρον.
956 3082 996 3147 ab
1007 3103 1045 3149 eo
1058 3089 1181 3148 veteres
1196 3087 1310 3166 poetae
1321 3103 1396 3148 non-

203 3212 367 3276 nunquam
399 3191 516 3257 milites
538 3190 705 3274 appellant
736 3192 884 3273 latrones,
918 3191 1003 3274 quod
1028 3193 1103 3257 item
1126 3199 1158 3257 et
1179 3192 1297 3258 milites
1326 3211 1396 3257 cum

202 3304 297 3381 ferro,
315 3308 370 3368 aut
387 3299 473 3384 quod
489 3301 589 3366 latent
608 3298 650 3365 ad
669 3299 805 3366 insidias
822 3300 999 3368 faciendas.
1030 3302 1155 3368 Nonius
1167 3324 1196 3386 p.
1215 3303 1283 3378 134,
1300 3303 1340 3365 26
1356 3301 1396 3367 Μ.

204 3409 454 3481 latrocinari,
477 3409 617 3475 militare
639 3409 795 3475 mercede.
839 3409 973 3474 Plautus
1002 3409 1236 3477 Corniculana:
1264 3411 1398 3476 latroci-
1479 3413 1481 3418 '

204 3527 297 3585 natus
329 3538 429 3584 annos
462 3517 572 3583 decem
608 3517 782 3595 [mercede]
806 3518 971 3584 Demetrio
1003 3517 1063 3601 (sic
1083 3519 1198 3600 scripsi
1218 3539 1282 3600 pro
1312 3519 1397 3584 codi-

205 3646 273 3692 cum
300 3627 410 3694 decem
437 3628 615 3694 mercedem
646 3629 678 3692 in
700 3627 823 3693 tiberio.
868 3635 984 3693 uectum
1017 3629 1095 3694 uidit
1127 3627 1315 3694 Ritsclolius
1336 3627 1398 3693 Pu·

205 3756 286 3819 ucrp.
305 3758 337 3818 p.
361 3736 439 3819 169)
461 3736 517 3821 qui
541 3737 627 3822 apud
650 3757 757 3820 regem
780 3738 812 3801 in
828 3738 996 3802 latrocinio
1011 3736 1110 3820 fuisti,
1134 3737 1330 3820 stipendium
1347 3758 1408 3810 ac,

207 3846 379 3930 ceptitasti.

206 4097 302 4150 amant
319 4093 350 4148 F
361 4093 393 4147 H
407 4098 439 4148 ut
459 4099 552 4149 ament
569 4095 625 4150 rell.
641 4098 674 4148 ut
693 4111 787 4147 amens
809 4092 997 4147 Tuubmuuucs
1016 4092 1132 4147 Bothius
1173 4093 1315 4163 lampados
1335 4092 1402 4148 ΓΗ

207 4191 348 4259 lampadas
366 4191 423 4246 rell.
470 4191 611 4246 accendite
631 4191 701 4246 ΡΗ
716 4195 776 4244 ceti.
795 4189 944 4244 accendere
962 4189 1031 4259 vulp.
1050 4189 1201 4259 Scioppius.

307 4287 481 4342 Corniculum
509 4289 618 4344 titulum
645 4303 709 4351 esse,
738 4286 847 4342 minime
878 4286 1104 4353 Corniculaniam,
1130 4292 1161 4340 ut
1188 4287 1218 4340 iu
1237 4285 1399 4340 editionibus
1514 4345 1516 4352 ‚

207 4383 403 4452 scriptumest,
422 4384 502 4438 euicit
521 4384 683 4440 Ritsclsclius
702 4384 818 4453 Purerp.
835 4399 864 4451 p.
884 4386 942 4437 155.
1001 4385 1036 4436 48
1054 4400 1116 4437 ecce
1129 4381 1202 4437 codd.
1213 4399 1308 4436 cocum
1322 4383 1398 4436 Lau·

205 4496 291 4550 penus
311 4477 478 4550 ‘Reimacpc'
502 4497 532 4550 p.
551 4485 576 4535 4.
619 4483 653 4534 49
672 4480 733 4551 regi
753 4480 936 4534 latrocinatus
962 4479 1057 4534 decem
1078 4496 1163 4533 annos
1187 4477 1262 4533 codd.
1283 4478 1399 4532 Varrcu.

207 4576 390 4632 latrocinatos
418 4594 504 4632 annos
534 4577 629 4632 decem
649 4577 724 4632 codd.
745 4577 874 4654 Noniani
896 4575 964 4644 (cide
986 4576 1089 4644 supro).
1128 4575 1310 4630 latrocinatus
1340 4575 1400 4646 regi

208 4691 294 4727 annos
324 4674 417 4728 decem
447 4674 563 4728 Boihias
593 4675 687 4728 decem
720 4673 911 4728 latrocinatu's
944 4673 1003 4744 regi
1037 4689 1123 4726 annos
1154 4671 1317 4726 Riischclius
1349 4672 1401 4726 Pu·

1236 4771 1251 4824 3
