3578 5336
698 469 872 523 ..19-

187 637 298 706 titulos
310 637 491 704 tabularum
501 635 655 704 adcurate
665 635 799 702 notandi
812 633 973 702 studiosus
985 637 1092 719 inerit,
1104 655 1252 704 versuum
1266 657 1386 719 eornm,

188 748 244 830 qui
267 747 337 814 sine
359 747 460 812 titulis
483 743 584 810 adlati
603 746 646 811 ab
667 765 704 810 eo
727 765 798 811 cum
821 745 966 811 versibus
990 745 1137 812 codicum
1160 746 1382 813 Plautinorum

188 857 355 922 sententiis
378 855 480 938 magis
501 873 597 937 quam
617 854 723 919 verbis
746 853 949 932 conveniunt,
980 854 1134 920 maiorem
1168 861 1292 938 partem
1314 875 1386 940 per·

188 967 290 1032 tinere
313 965 523 1031 verisimilius
546 963 657 1028 estad
680 964 898 1029 Varronianus
920 961 1050 1028 labulas
1072 983 1168 1046 quam
1206 964 1248 1030 ad
1272 964 1386 1049 deper-

188 1073 281 1141 ditas.
326 1075 435 1157 itaque
457 1107 497 1120 -
513 1080 549 1139 ut
578 1093 642 1138 uno
664 1074 812 1156 exemplo
837 1079 970 1140 utar-
990 1079 1077 1139 recte
1096 1073 1237 1140 editores
1260 1095 1385 1141 versum

189 1183 425 1266 adsen.1x,4
447 1182 645 1267 adscriptum
665 1180 754 1248 ‘sine
779 1182 870 1247 iuxta
891 1201 980 1248 uram
1003 1181 1134 1248 sedeam
1162 1190 1194 1248 et
1216 1182 1302 1249 dabo
1322 1205 1385 1250 me-

189 1293 272 1358 liora
291 1291 443 1358 consilia'
468 1292 657 1356 rettulerunt
684 1291 726 1357 ad
747 1290 884 1356 Mostell.
909 1293 990 1361 1094
1012 1311 1082 1374 sqq.
1139 1291 1258 1358 adsunt
1279 1301 1387 1359 tamen

190 1409 242 1468 sat
263 1402 360 1479 multi,
391 1401 446 1482 qui
477 1406 534 1465 aut
567 1399 738 1465 sententiis
773 1407 829 1464 ant
861 1399 970 1466 verbis
993 1421 1014 1465 a
1035 1399 1181 1466 versibus
1215 1401 1249 1466 in
1272 1402 1388 1467 Plauto

190 1508 319 1576 traditis
339 1510 432 1574 nimis
456 1505 635 1574 discedunt.
679 1509 733 1589 qni
770 1509 797 1574 si
818 1529 894 1574 vere
918 1517 993 1575 sunt
1014 1509 1195 1576 fabularum
1223 1529 1307 1576 nuno
1332 1510 1387 1577 de·

191 1618 397 1703 perditarum,
420 1639 440 1682 a
463 1618 578 1683 Servio
600 1637 662 1684 non
685 1637 703 1682 e
724 1616 843 1684 fabulis
874 1617 953 1702 ipsis
987 1617 1084 1684 sede
1106 1621 1387 1702 grammaticorum

190 1727 280 1795 libris
313 1728 472 1811 desumpti
505 1735 587 1792 sunt.
629 1727 689 1794 hos
712 1734 817 1794 antem
839 1728 891 1810 iis,
915 1747 996 1810 quos
1020 1749 1038 1794 e
1060 1728 1215 1794 memoria
1236 1727 1388 1802 reddidit,

171 1839 295 1921 magis
311 1838 454 1920 intactos
477 1855 548 1901 eum
564 1836 735 1919 reliquisse
758 1837 838 1903 satis
855 1837 1024 1921 probabile
1047 1845 1104 1904 est.
1137 1857 1233 1921 quam
1255 1839 1297 1903 ob
1321 1859 1386 1904 rem

191 1946 274 2011 bano
289 1964 406 2028 sequor
421 1946 587 2027 rationem,
610 1953 646 2010 ut
666 1965 856 2028 nossemus,
873 1967 1007 2029 quorum
1030 1949 1152 2020 numeri
1176 1947 1256 2013 setis
1271 1947 1387 2031 integri

190 2062 272 2132 sant,
306 2053 498 2137 fragmentis
531 2055 682 2120 adiciam.
741 2057 849 2138 itaque
883 2063 1010 2140 praeter
1041 2055 1386 2135 resumerent

191 2165 254 2228 480
273 2162 440 2229 laudatum
466 2157 658 2245 ‘nimquam
679 2163 722 2229 ad
755 2164 920 2230 civitatem
951 2165 1048 2231 venio
1081 2167 1142 2230 nisi
1168 2165 1389 2231 circumfertur
1478 2215 1481 2224 .

190 2273 336 2356 peplum'
365 2273 463 2339 etiam
487 2274 575 2338 illum
598 2271 641 2337 ad
668 2271 783 2356 Georg.
808 2273 866 2354 111,
888 2275 950 2337 497
973 2274 1101 2339 ‘vellem
1120 2295 1171 2340 me
1187 2277 1220 2340 in
1236 2277 1388 2359 anginam

191 2383 273 2449 verti
297 2388 331 2447 ut
354 2381 427 2447 huic
449 2382 599 2447 aniculae
622 2382 731 2446 fauces
753 2373 1039 2466 praeoccuparem'
1061 2383 1251 2466 fragmentis
1272 2383 1388 2448 adcen-

191 2509 256 2556 seo.
281 2491 452 2573 perspicue
468 2490 555 2555 enim
571 2491 603 2553 in
620 2489 683 2556 linc
702 2509 815 2556 versus
837 2491 968 2556 iambici
991 2491 1115 2556 numeri
1138 2500 1387 2575 cognoscuntur:

191 2599 267 2664 lruic
293 2599 442 2664 dnieulae
468 2599 579 2694 fauces
607 2601 888 2684 praeoccuparem,
912 2602 1112 2684 proclivique
1136 2604 1389 2686 transpositione

192 2708 225 2774 hi
247 2729 359 2776 versus
383 2709 583 2776 eliciuntur:
884 2713 887 2719 “

234 2847 400 2883 νιν-νιν-
423 2848 463 2883 uu
486 2839 536 2885 me
559 2821 674 2886 Vellem
697 2823 779 2886 le'ii

234 2927 271 2991 In
293 2929 446 3011 doginam
469 2949 531 3012 quo
553 2928 629 2996 huie
651 2931 799 2996 aniculae
821 2931 931 2996 fauces
957 2932 1237 3016 praeoccupsrem.

88 3107 91 3112 ,
192 3037 310 3117 quibus
333 3036 439 3103 Servii
470 3036 578 3104 verbis
611 3038 752 3105 editores
785 3039 1008 3106 iudicaverunt
1032 3041 1248 3107 Mostellariae
1277 3061 1388 3107 versus

192 3145 253 3210 218
277 3152 308 3211 et
329 3147 390 3209 219

234 3253 268 3317 in
290 3251 442 3335 tunginum
465 3273 526 3336 ego
550 3275 635 3321 nunc
658 3261 709 3322 md
731 3258 827 3323 velim
850 3258 942 3340 vorti,
964 3264 999 3324 rit
1023 3259 1185 3325 veneticae
1208 3261 1256 3325 illi

234 3363 335 3428 faucis
358 3361 556 3447 prehendam
579 3371 675 3447 etque
698 3366 820 3432 enicem
843 3366 1014 3432 seelestam
1035 3368 1274 3434 stimulatricem

193 3472 401 3555 neglegenter
422 3472 574 3539 describi.
617 3475 669 3539 cui
692 3475 875 3541 iudicione
898 3474 1079 3560 adstipuler
1108 3486 1236 3560 praeter
1258 3497 1388 3543 cansam

192 3580 333 3647 adlatam
356 3601 395 3647 eo
410 3601 548 3659 moveor,
571 3582 659 3664 quod
678 3582 763 3648 idem
777 3603 898 3667 versas,
922 3585 978 3667 qui
993 3585 1081 3668 apud
1097 3585 1244 3650 Servium
1260 3585 1387 3667 legitur,

194 3697 298 3755 exstat
320 3689 353 3755 in
376 3691 469 3756 Pauli
492 3710 559 3756 exc.
581 3691 694 3774 p.8¹).·
729 3692 927 3773 Leidolphus
951 3694 969 3758 l.
994 3714 1023 3758 a.
1048 3713 1077 3774 p.
1091 3695 1152 3758 202
1175 3714 1246 3760 eum
1271 3696 1389 3760 conicit

194 3817 212 3862 e
232 3798 338 3864 Servii
359 3799 492 3865 scholiis
515 3801 548 3864 in
565 3800 658 3865 Pauli
672 3807 794 3865 textum
816 3804 991 3884 genuinum
1012 3803 1136 3866 illatum
1159 3803 1268 3884 csse2).
1303 3805 1390 3886 quod

195 3928 387 3990 quamquain
411 3909 529 3975 factum
551 3930 622 3976 esse
646 3929 742 3995 posse
764 3932 826 3976 non
850 3932 942 3996 nego,
979 3919 1085 3978 tamen
1109 3920 1144 3978 ut
1166 3914 1390 3996 comprobetur

196 4016 345 4082 desidero
366 4017 527 4084 similibus
547 4021 715 4102 exemplis,
737 4039 819 4102 quue
837 4021 957 4085 Paulus
973 4020 1092 4086 babeat
1106 4022 1287 4105 importata.
1312 4022 1390 4086 rnibi

195 4126 402 4192 verisimilius
426 4125 561 4208 videtur,
594 4149 719 4196 versum
741 4149 759 4194 e
784 4130 886 4195 Verrii
910 4131 1014 4214 copiis
1045 4130 1078 4194 in
1101 4133 1267 4212 utriusque
1288 4132 1388 4214 scrip·

196 4235 274 4300 toris
296 4236 396 4300 libros
418 4234 560 4304 fluxisse.
595 4246 766 4323 supersunt
781 4240 906 4321 aliquot
921 4259 1031 4305 versus
1054 4241 1110 4322 qui
1132 4261 1206 4304 num
1223 4241 1291 4306 iure
1308 4241 1390 4305 inter

195 4386 393 4397 ——-.-.

297 4478 504 4548 Dffipffi

295 4577 321 4643 2)
340 4575 465 4629 Eandem
486 4576 700 4645 explicationem
729 4583 793 4632 ante
812 4578 997 4648 Leidolphurn
1023 4579 1190 4634 Ritsohelius
1214 4581 1335 4649 protulit
1353 4581 1389 4636 sd

195 4671 314 4724 blostell.
336 4691 361 4725 v.
379 4675 440 4727 218.
