3578 5336
280 1367 412 1430 Praeter
433 1383 529 1428 unam
551 1371 583 1428 et
604 1364 719 1446 viginti
742 1363 879 1436 fabulas,
903 1385 984 1446 quas
1000 1366 1033 1429 in
1048 1363 1215 1432 codicibus
1229 1373 1374 1432 serratas

166 1477 345 1550 habemus,
368 1479 475 1537 uotum
499 1479 548 1538 est
570 1473 715 1554 antiquis
737 1474 947 1554 scriptoribus
962 1473 1137 1558 permultas
1152 1475 1236 1541 alios
1251 1495 1374 1542 comoe-

170 1585 250 1650 dias
273 1583 388 1647 Plauto
415 1581 540 1647 auctori
568 1581 750 1664 adscriptas
777 1583 808 1646 in
837 1581 985 1648 manibus
1012 1583 1120 1666 fuisse,
1154 1605 1288 1666 quarum
1316 1604 1375 1650 nos

173 1693 302 1758 nullam
328 1690 520 1756 haberemus
548 1689 705 1764 notitiam,
738 1689 801 1754 nisi
836 1710 945 1756 earum
981 1692 1117 1757 frustula
1149 1692 1307 1775 quaedam
1342 1693 1375 1757 in

176 1803 460 1886 grammaticorum
482 1799 671 1884 scriptorum
693 1797 786 1864 libris
808 1800 922 1865 relicta
953 1809 1069 1866 essent
1123 1821 1206 1884 quae
1232 1801 1376 1884 quamvis

179 1914 300 1995 exigua
321 1911 386 1975 sint
407 1917 562 1991 quantum
585 1909 716 1974 valeant
737 1929 800 1974 non
822 1917 887 1973 tam
909 1909 952 1974 ad
974 1917 1089 1994 poetae
1104 1917 1204 1975 artem
1231 1919 1316 1975 recte
1331 1911 1377 1975 in·

180 2019 396 2103 tellegcudnm
426 2039 524 2100 quam
550 2017 594 2083 ad
620 2019 801 2084 fabularum
826 2019 1046 2084 Plautinarum
1072 2039 1131 2102 per
1152 2021 1377 2101 antiquitatem

181 2135 433 2213 propagatarum
466 2125 634 2191 historiam
664 2124 929 2208 cognoscendam,
963 2126 1086 2210 priores
1109 2127 1214 2192 Plauti
1238 2127 1378 2194 editores

181 2236 267 2302 haud
295 2236 375 2302 satis
402 2237 633 2320 perspicientes
662 2236 693 2299 in
716 2255 756 2299 ea
779 2256 842 2299 non
864 2235 999 2308 tantum,
1031 2243 1151 2318 quanto
1174 2235 1273 2322 digna
1295 2245 1379 2318 sunt,

181 2345 322 2412 studium
344 2347 554 2434 contulerunt.
597 2365 712 2410 novam
734 2343 785 2410 his
801 2345 951 2427 reliquiis
967 2353 999 2410 et
1017 2345 1206 2428 colligendis
1221 2354 1254 2412 et
1273 2365 1379 2412 emen·

181 2455 299 2520 dandis
333 2475 464 2540 operam
499 2452 590 2519 dedit
612 2453 818 2520 Ritschelius.
863 2455 995 2537 egregia
1023 2456 1289 2520 commentatione
1309 2448 1380 2521 ‘uie

182 2565 312 2630 fabulae
322 2563 543 2629 Varroniauae
569 2564 628 2629 des
650 2553 801 2629 Plautus’
824 2564 980 2646 inscripta
1009 2563 1103 2630 istius
1125 2583 1241 2646 operae
1266 2563 1379 2630 funda-

182 2682 322 2739 mentum
345 2673 422 2738 iecit
443 2673 624 2738 fabularum
649 2671 890 2756 deperditarum
914 2671 1058 2737 ordinem
1082 2673 1255 2738 restituens
1269 2673 1379 2756 genui·

182 2802 305 2864 nasque
327 2782 504 2847 resarciens
526 2783 688 2847 titulorum
711 2801 925 2863 versuumque
955 2781 1167 2866 complurium
1194 2783 1314 2848 formas
1347 2781 1379 2847 in

184 2889 381 2957 editionibus
413 2912 512 2976 prave
549 2890 694 2955 traditas.
738 2910 841 2972 neque
870 2911 947 2956 vero
973 2912 1056 2974 quae
1084 2893 1130 2957 ibi
1164 2891 1314 2958 effecerat
1347 2900 1381 2956 ut

184 2999 319 3066 editioni
335 2999 582 3082 fragmentorum
599 3000 730 3064 criticae
747 2999 914 3065 mandaret
927 2999 1104 3066 Ritschelio
1119 3001 1267 3082 contigit3
1288 2999 1379 3067 errius

184 3109 344 3190 specimen
377 3115 500 3172 tautum
532 3104 625 3171 dedit
656 3105 689 3170 in
721 3107 947 3188 opusculorum
979 3107 1141 3173 volumine
1169 3108 1262 3172 tertio
1294 3107 1381 3174 baud

184 3217 268 3282 ultra
281 3216 443 3282 Boeotiam
459 3213 601 3279 fabulam
624 3234 823 3297 progressus.
878 3235 972 3297 quam
995 3213 1245 3298 fragmentorum
1267 3214 1380 3282 editio·

185 3347 257 3392 uem
284 3326 369 3391 haud
398 3325 440 3390 ad
467 3325 563 3390 finem
592 3343 665 3390 esse
695 3324 882 3408 perductam
910 3345 1006 3406 quam
1029 3345 1125 3408 aegre
1149 3325 1316 3390 ferendum
1339 3327 1382 3390 sit

185 3437 321 3518 quisque
343 3434 440 3516 videt,
464 3435 519 3517 qui
543 3434 641 3499 semel
666 3433 843 3517 inspexerit
864 3433 988 3517 priores
1010 3433 1212 3516 editiones1),
1248 3454 1380 3517 quarum

185 3551 331 3610 auctores
353 3563 457 3626 neque
480 3545 560 3608 satis
582 3541 736 3608 adcurate
759 3543 1039 3626 grammaticorum
1064 3541 1164 3607 libros
1191 3541 1381 3628 perscrutati

186 3659 258 3718 sunt
280 3651 323 3716 ad
343 3652 525 3734 fragmenta
547 3650 732 3734 colligenda
754 3670 857 3734 neque
881 3651 913 3716 in
936 3649 1147 3716 emendandis
1175 3657 1383 3734 respexerunt

187 3761 384 3844 singulorum
396 3761 598 3844 scriptorum,
621 3761 738 3843 quibus
752 3780 864 3826 versus
881 3768 1025 3826 servatos
1041 3759 1205 3836 debemus,
1228 3761 1381 3827 rationem

186 3869 344 3952 fidemque
377 3871 456 3935 satis
489 3871 637 3952 sollicite,
673 3890 712 3935 ne
746 3891 890 3944 moneam
925 3869 1004 3935 artis
1040 3869 1171 3934 criticae
1204 3869 1237 3936 in
1275 3869 1382 3937 Plauti

186 3999 297 4045 versus
318 3979 532 4060 adhibendae,
555 3998 650 4061 quam
675 3978 798 4062 primus
823 3975 1149 4050 docuitRitscbelius‚
1172 3995 1227 4042 eos
1251 3975 1382 4061 ignaros

187 4089 295 4154 fuisse.
350 4107 525 4171 quaecum
549 4089 596 4153 ita
618 4089 690 4168 sint,
725 4087 811 4152 haud
836 4086 948 4154 inutile
970 4085 1098 4153 videtur
1121 4085 1171 4152 his
1194 4087 1383 4172 fragmentis

187 4197 291 4263 denuo
313 4217 442 4281 operam
464 4218 592 4263 navare.
636 4217 729 4279 quarn
753 4196 799 4262 ita
823 4195 958 4279 institui,
982 4203 1016 4261 ut
1030 4197 1167 4280 primurn
1181 4195 1382 4280 disputarem

290 4399 316 4464 1)
337 4397 430 4451 Plauti
449 4396 607 4451 fabularum
626 4396 770 4464 editiones,
790 4395 890 4465 quibus
909 4395 1067 4466 fragmenta
1086 4395 1194 4451 adiectu
1221 4400 1294 4462 aurit,
1320 4411 1385 4450 onu-

187 4495 305 4549 meravit
324 4494 492 4548 Ritsehelius
512 4493 612 4562 Opuso.
631 4494 657 4547 ll
676 4512 705 4564 p.
723 4497 758 4547 76
783 4493 961 4563 (quibuscum
989 4491 1115 4548 conferas
1144 4492 1273 4547 Brandtii
1298 4492 1384 4548 adno-

190 4591 324 4648 tationem
345 4591 416 4646 Mus·
436 4591 525 4645 Rhen.
545 4591 663 4646 XXXIII
683 4610 709 4661 p.
731 4592 795 4660 630)
812 4609 838 4661 p.
857 4593 916 4661 113,
936 4609 962 4661 p.
983 4593 1041 4644 154.

1225 4689 1237 4740 1
