3578 5336
912 435 1087 487 ‚10-

400 613 435 670 01
449 605 657 670 Νο100101100
681 628 709 690 p.
731 605 798 684 169,
820 603 882 687 61).
919 613 1085 690 praeterea
1106 606 1191 672 siout
1215 609 1246 672 in
1269 608 1345 673 aliis
1360 610 1501 674 Noniani
1518 630 1594 694 opo·

400 715 445 778 ris
468 714 560 779 libris
595 715 640 779 110
669 711 815 797 inprimis
852 716 884 780 in
912 716 1007 781 tertio
1029 715 1125 781 Probi
1150 736 1300 802 magnum
1334 718 1595 784 observationum

400 843 566 888 numerum
590 823 695 889 inesse
716 825 776 888 viri
798 823 884 889 dooti
905 825 1014 889 moltis
1031 826 1188 908 exemplis
1205 824 1474 892 demonstrarunt.
1513 849 1595 910 quae

400 933 540 997 Nonium
552 953 570 998 0
581 933 687 998 Probo
699 935 771 1018 ipso
786 932 997 1017 exsoripsisse
1012 935 1170 1000 sententia
1182 941 1253 1000 erat
1265 935 1386 1001 Hertzii
1402 942 1435 1001 et
1449 938 1596 1002 Kretseb·

400 1042 479 1107 meri
504 1042 643 1107 'refutata
663 1063 684 1106 a
705 1041 812 1106 Keilio
847 1063 978 1122 gramm.
1010 1042 1064 1107 lat.
1086 1043 1113 1107 V
1135 1063 1165 1126 p.
1191 1043 1262 1118 570,
1299 1045 1355 1127 qui
1379 1044 1518 1110 Nonium
1540 1046 1596 1112 illa

400 1151 497 1218 Probi
519 1151 656 1216 liustula
678 1149 816 1234 eGapro
836 1151 1012 1234 sumpsisse
1034 1153 1152 1217 statuit.
1189 1153 1272 1218 inter
1296 1171 1345 1229 oa,
1369 1172 1454 1235 quae
1476 1163 1596 1220 eertum

399 1267 449 1325 est
471 1279 489 1324 e
505 1259 602 1343 Capri
625 1259 717 1325 libris
739 1258 881 1336 fluxisse,
906 1278 987 1324 unns
1004 1265 1126 1324 tantum
1142 1279 1253 1326 versus
1269 1261 1439 1328 Plautinus
1456 1264 1593 1346 Agroeoi

399 1371 529 1434 tabulae
552 1369 685 1435 interest
712 1388 741 1451 p.
766 1369 837 1449 196,
872 1369 911 1432 31
939 1388 963 1432 0.
985 1389 1013 1431 v.
1041 1369 1151 1434 clunes
1174 1377 1376 1447 memoratus,
1412 1391 1505 1453 quem
1529 1373 1596 1438 sive

402 1479 508 1562 Caper
537 1482 604 1545 sive
626 1479 750 1545 Probus
784 1479 854 1562 ipse
879 1499 954 1543 num
978 1499 996 1544 0
1020 1478 1122 1544 Verrii
1152 1497 1249 1558 opere
1271 1481 1481 1563 exsaripserit
1502 1483 1596 1548 valde

401 1588 533 1655 dubium
556 1596 604 1654 est
626 1597 757 1672 propter
778 1587 950 1653 lactionum
973 1587 1219 1671 discrepantias.
1255 1596 1431 1654 ceterorum
1447 1611 1595 1656 versuum

401 1700 553 1782 plurimos
569 1697 610 1763 ad
623 1697 760 1763 eundem
771 1697 890 1761 iontem
903 1698 1061 1778 pertinere
1077 1705 1112 1762 ut
1126 1697 1284 1762 oonioiam
1302 1717 1341 1764 eo
1357 1719 1496 1774 moveor,
1509 1701 1596 1782 quod

400 1807 507 1872 Plauti
529 1806 712 1872 fabularum
728 1806 966 1888 deperditarum
982 1826 1094 1872 versus
1111 1809 1143 1871 in
1156 1807 1206 1873 his
1231 1808 1313 1891 ipsis
1329 1810 1437 1893 operis
1453 1809 1597 1874 Noniani

401 1917 546 1999 partibus
569 1916 648 1980 mire
670 1915 824 1980 oumulati
847 1937 944 1980 unum
974 1918 1140 1999 exemplar
1164 1916 1340 2000 designare
1362 1917 1520 1998 videntur,
1556 1939 1596 1983 ne

402 2045 557 2107 moneam,
581 2023 804 2114 proculdubio
819 2026 1042 2110 multoplures
1065 2027 1186 2109 copias,
1209 2047 1307 2108 quam
1321 2047 1406 2092 nuno
1426 2031 1596 2094 enucleare
1717 2055 1721 2070 ·

400 2134 485 2211 lieet,
508 2134 648 2198 Nonium
672 2133 810 2217 eCapro
833 2135 1045 2200 transtulisse.
1081 2135 1138 2216 qui
1161 2139 1284 2200 restant
1304 2155 1414 2200 versus
1437 2136 1595 2203 Astrabae

402 2264 433 2328 p.
457 2243 527 2324 376,
551 2245 568 2306 7
593 2242 720 2309 Golaeis
744 2265 773 2328 p.
796 2244 867 2326 545,
897 2245 938 2308 20
960 2243 1078 2309 bledioi
1100 2245 1234 2328 parasiti
1257 2263 1288 2326 p.
1312 2245 1382 2322 551,
1419 2247 1594 2311 411100110-

402 2372 534 2436 rumque
557 2353 737 2418 fabularum
759 2374 788 2438 p.
810 2355 882 2428 333,
908 2354 946 2416 31
972 2354 1096 2435 01447,
1125 2355 1164 2417 19
1193 2354 1387 2436 quibusnam
1408 2355 1595 2421 auctoribus

402 2463 587 2538 debeantur,
612 2462 767 2527 0111111011
789 2464 854 2526 iam
878 2467 991 2546 potest.

501 2570 668 2637 Charisius
690 2591 809 2646 omnes,
832 2589 912 2654 quos
927 2571 1056 2636 exbibet
1072 2570 1314 2654 deperditarum
1328 2572 1509 2638 fabularum
1524 2593 1593 2638 ver·

358 2703 364 2716 ·
401 2702 455 2746 sus
477 2682 603 2763 aooepit
624 2703 644 2746 a
665 2681 698 2746 G.
714 2683 796 2747 lolio
819 2683 972 2746 Romano.
1006 2683 1034 2746 is
1058 2682 1133 2747 lieet
1152 2680 1232 2746 11000
1256 2682 1313 2746 1110
1336 2682 1376 2747 110
1400 2703 1457 2747 suo
1480 2681 1594 2765 adges-

401 2793 486 2868 serit,
510 2792 648 2872 plurima
671 2811 688 2855 e
705 2791 810 2876 Capro
825 2790 1034 2876 deprompsit,
1058 2798 1091 2856 ut
1107 2792 1192 2856 inter
1205 2811 1315 2856 omnes
1331 2798 1466 2857 aonstat.
1500 2791 1592 2874 quasi

402 2899 642 2964 fundamentum
668 2900 764 2983 Capri
787 2900 888 2966 libros
909 2901 1000 2984 operi
1034 2921 1092 2966 suo
1111 2901 1289 2966 'subiecisse
1312 2901 1417 2982 iisque
1442 2921 1526 2982 quae
1553 2919 1594 2964 ex

402 3007 462 3073 boo
483 3007 598 3085 bausit,
632 3008 697 3073 alia
730 3029 770 3074 ex
797 3010 873 3074 aliis
895 3009 1104 3093 scriptoribus
1131 3011 1349 3093 grammaticis
1371 3009 1595 3093 adglutinasse

402 3114 536 3182 videtur.
559 3138 693 3200 quorum
708 3119 822 3202 oopiae
843 3139 914 3184 oum
929 3119 1025 3184 facile
1046 3128 1290 3202 eognosoantor,
1314 3119 1501 3203 praesertim
1522 3137 1595 3183 eum

402 3227 593 3310 saepissime
620 3228 749 3292 uomina
775 3227 918 3310 ipsorum
946 3228 1101 3294 adiecerit
1127 3231 1299 3305 Romanus,
1332 3249 1395 3293 non
1418 3247 1531 3293 vereor
1555 3248 1595 3292 ne

402 3356 504 3402 errem
528 3337 728 3402 Friuolariae
762 3356 873 3402 versus
900 3357 931 3422 p.
958 3339 1025 3415 193,
1051 3339 1088 3402 15
1112 3339 1228 3414 01196,
1255 3337 1432 3418 9duosqne
1456 3337 1595 3402 ineertos

403 3445 528 3527 0.,197,
557 3445 594 3508 18
617 3452 649 3508 01
670 3445 742 3519 242,
778 3445 825 3520 19,
858 3464 937 3527 quos
963 3465 1004 3510 ex
1023 3444 1180 3511 additioio
1210 3446 1296 3510 fonte
1317 3444 1450 3511 fluxisse
1473 3445 1594 3510 nullom

402 3553 557 3620 indicium
581 3559 639 3634 est,
674 3553 779 3638 Capro
801 3556 991 3621 attribuens.
1034 3556 1130 3639 plane
1154 3556 1347 3620 eontrarium
1376 3553 1594 3619 adhibendum

402 3669 451 3729 est
475 3661 627 3727 iudieium
648 3661 692 3727 ad
716 3661 814 3728 (laeui
836 3663 888 3727 vel
909 3662 1110 3728 Praedonum
1133 3662 1320 3746 fragmenta,
1350 3663 1442 3728 euius
1464 3663 1593 3729 fabulae

317 3808 322 3818 ·
403 3777 559 3854 quotquot
573 3791 684 3838 versus
707 3771 798 3836 nobis
820 3770 929 3835 traditi
952 3778 1035 3849 sunt,
1059 3791 1169 3837 omnes
1191 3771 1302 3836 decem
1325 3772 1466 3836 servavit
1480 3773 1594 3838 Roma-

403 3899 471 3944 nus.
508 3900 588 3962 quos
611 3880 640 3944 si
655 3880 816 3946 Romanus
836 3900 853 3945 e
871 3879 975 3963 Capro
999 3879 1232 3963 exscripsisset,
1256 3882 1446 3946 miraremur
1468 3888 1593 3947 eeteros

402 3990 584 4074 scriptores,
608 3995 642 4053 ut
663 3991 813 4072 Nonium,
836 3989 1035 4064 Diomedem.
1057 3989 1268 4071 Priscianom,
1290 3991 1479 4072 inquorum
1502 3989 1594 4056 libris

403 4098 580 4181 permultae
593 4097 689 4182 Capri
704 4100 754 4164 vel
777 4100 884 4182 potius
899 4099 995 4164 Probi
1016 4099 1173 4181 reliquiae
1189 4100 1306 4182 insunt,
1331 4106 1458 4182 praeter
1471 4106 1594 4166 0010100

403 4206 530 4273 fabulas
545 4207 712 4273 Plautinas
729 4208 824 4273 anoi
840 4209 1104 4294 vel0Praedonnm
1120 4209 1241 4275 nullam
1256 4208 1372 4275 feeisse
1390 4211 1593 4275 mentionem.

374 4315 520 4382 ¹deinde
549 4317 687 4384 Charisii
714 4318 820 4401 eapite
852 4319 876 4400 Ι,
913 4320 966 4398 15,
998 4319 1089 4385 euius
1122 4325 1233 4385 auctor
1265 4319 1379 4384 eodem
1415 4319 1504 4385 fonte
1530 4339 1594 4401 quo

503 4561 528 4628 1)
547 4562 720 4616 Aululariam
730 4563 835 4618 Nonius
847 4563 1027 4632 neglegenter
1038 4562 1149 4632 scripsit
1158 4579 1209 4631 pro
1220 4561 1393 4617 Neruolaria.
1403 4562 1452 4616 alr.
1467 4563 1594 4618 Hertaius

402 4658 420 4714 l.
440 4676 464 4712 a.
483 4676 509 4730 p.
530 4659 589 4712 tao.
