3578 5336
623 735 965 804 SITELLITERGVS

345 1023 497 1089 Militares
518 1021 727 1106 exosculavit,
750 1023 810 1108 ego
832 1027 918 1104 novi,
941 1026 1008 1092 seio
1033 1028 1215 1094 exitiosam.

778 1205 811 1270 II

346 1330 402 1396 Sin
424 1351 464 1396 ea
485 1331 565 1396 mihi
590 1333 763 1415 insignitos
787 1333 901 1417 priores
925 1335 1031 1419 pariat
1053 1330 1167 1419 peslea

344 1438 408 1504 Aet
430 1459 541 1506 varum
561 1449 616 1507 aut
638 1443 767 1525 valgum
789 1442 844 1508 alit
867 1435 1073 1529 compernem
1092 1450 1147 1510 aut
1176 1445 1307 1528 paetum
1330 1452 1386 1512 aut

595 1551 766 1618 brocchum
788 1552 901 1619 filium.

727 1752 863 1820 SYRVS

731 1927 739 1946 ,
794 1880 927 1946 crotillis

347 1923 427 1992 Cum
449 1927 581 1992 extemis
605 1927 683 1992 talis
705 1948 775 1992 cum
793 1979 917 2046 todillis
944 1927 1106 1996 curisculis.

291 2229 632 2298 SITELLITERGVS
675 2234 774 2299 Varro
805 2233 845 2299 de
867 2235 887 2298 l.
910 2235 930 2299 l.
953 2235 1025 2317 Vll,
1050 2235 1091 2300 66
1107 2235 1149 2300 Μ.
1174 2237 1207 2301 in
1237 2235 1389 2301 Astraba:

179 2339 355 2404 exitiosae
379 2361 405 2406 e.
430 2361 459 2423 q.
482 2361 506 2406 s.
549 2341 621 2407 ideo
644 2341 768 2422 (itidem
790 2343 979 2424 Muellerus)
1005 2345 1038 2408 in
1061 2343 1166 2410 Sitelli
1194 2351 1283 2428 tergo
1306 2343 1391 2410 idem

196 2448 257 2513 ait:
280 2449 430 2514 mulieres
454 2469 481 2514 e.
506 2469 534 2531 q.
552 2470 576 2514 s.
621 2450 668 2514 ric
687 2449 841 2517 Claudius
858 2453 980 2516 scribit:
1004 2453 1160 2518 exitiosas
1176 2453 1388 2518 demonstrari

200 2557 516 2642 consupplicatrices.
566 2558 606 2623 ab
636 2559 761 2640 agendo
784 2559 995 2642 exitiosae,
1019 2567 1054 2625 ut
1080 2561 1121 2627 ab
1148 2582 1212 2626 una
1241 2561 1392 2627 faciundo

196 2663 353 2732 factiosae
381 2667 428 2732 sic
449 2667 491 2733 ab
512 2687 577 2732 una
598 2668 725 2750 agendo
746 2670 886 2734 actiosus
910 2669 956 2750 (et
971 2671 1130 2736 exitiosae
1145 2669 1243 2736 olleo.
1258 2669 1391 2736 Muelle-

196 2773 266 2855 rus)
291 2775 406 2842 dictae.
472 2778 505 2842 II
526 2777 641 2844 Festus
664 2798 694 2861 p.
718 2779 789 2858 375,
815 2780 851 2843 15
868 2779 910 2844 M.
934 2779 1070 2862 valgos
1092 2778 1219 2862 Opillus
1241 2779 1390 2845 Aurelius

197 2885 317 2966 aliique
338 2887 516 2969 complures
539 2888 629 2952 aiunt
652 2885 727 2969 dici,
751 2889 806 2970 qui
826 2887 973 2953 diversas
995 2907 1085 2953 suras
1108 2888 1256 2953 habeant.
1298 2888 1391 2953 Plau-

198 2998 248 3058 tus
271 2994 304 3058 in
318 2993 422 3060 Milite
445 2995 602 3078 glorioso:
626 2996 680 3078 qui
697 3015 724 3060 e.
742 3016 771 3078 q.
788 3015 812 3061 s.
856 3004 889 3061 et
911 2996 944 3061 in
962 2995 1129 3080 Silitergo:
1152 2997 1202 3063 sin
1218 3017 1257 3062 ea
1272 3017 1300 3062 e.
1316 3017 1347 3079 q.
1363 3017 1387 3062 s.

296 3127 432 3193 SYRVS
466 3128 578 3194 Festus
612 3149 640 3212 p.
663 3130 735 3208 301,
760 3128 798 3193 19
812 3129 852 3194 M.
891 3126 1142 3217 [succrotilla]
1173 3131 1278 3197 tenuis
1302 3129 1386 3197 dice·

296 3408 380 3462 uitelli
391 3412 471 3479 tergo
484 3407 616 3463 Vurrouis
628 3407 700 3464 Fua
714 3409 788 3464 siteli
803 3414 883 3481 tergo
895 3411 929 3464 H
940 3410 1066 3481 silitergo
1078 3409 1153 3466 Festi
1164 3407 1254 3465 coeles.
1289 3408 1390 3463 Sitelli-

197 3508 306 3575 tergum
318 3505 355 3573 (‘a'.
366 3523 389 3573 q.
401 3505 447 3574 qut
457 3507 555 3561 situlus
564 3523 585 3561 s.
595 3506 697 3562 citellus
706 3504 806 3576 teruit')
816 3491 923 3561 tilulum
933 3505 1032 3561 statuit
1043 3507 1196 3561 Muellerus.
1219 3505 1390 3576 Syntoletur·

198 3601 452 3672 guseoui.Popmu.
472 3601 574 3670 Scytha
584 3603 713 3673 licurgus,
720 3602 791 3672 qaod
800 3603 916 3657 editores
926 3601 1221 3671 receperuntSeullyer.
1241 3601 1390 3657 udlitleros

197 3697 318 3752 traditos
328 3697 445 3767 propius
462 3697 596 3754 accederet
610 3699 799 3770 Melitturgus.
849 3701 897 3752 101
916 3691 1087 3753 exoroulavit'
1103 3696 1127 3751 G
1143 3698 1244 3752 mulier
1255 3715 1291 3765 es,
1311 3716 1389 3752 uxor.

199 3794 274 3862 Cuia,
284 3795 347 3848 vir?
365 3794 483 3864 Secliuer
493 3793 629 3848 mulieres
641 3794 782 3855 uxorcula,
794 3793 847 3862 abi,
858 3799 886 3848 te
897 3811 947 3864 ego
958 3793 1022 3846 novi
1033 3791 1151 3846 Botlu‘us
1164 3793 1264 3846 mulier
1274 3810 1302 3846 es
1312 3809 1390 3846 uxor.

199 3890 267 3943 Cuia
283 3890 346 3943 vis?
365 3890 511 3944 Muellerum
521 3890 657 3944 mulieres
669 3907 751 3943 uxor:
773 3889 883 3958 celabis,
897 3894 924 3945 te
934 3906 986 3959 ego
1000 3890 1065 3942 novi
1076 3887 1239 3942 Ritseluelt'us
1252 3887 1346 3956 Opusc.
1358 3888 1395 3943 II

195 4003 225 4056 p.
244 3989 299 4042 730
320 3987 449 4040 mulieres
468 3987 638 4041 exosculavit
657 3987 781 4042 Locutus
800 3986 901 4042 Proelr.
918 4002 949 4055 ρ.
967 3990 1026 4041 280
1051 3985 1115 4039 ullu.
1135 3989 1158 4038 1.
1197 4001 1310 4054 quarum
1328 4000 1390 4042 ccu-

197 4085 360 4138 r'eeturorum
377 4083 453 4138 lrurrd
470 4100 526 4137 uuo
541 4083 638 4151 placet.
675 4083 741 4136 cullei
758 4099 812 4136 uon
829 4082 938 4136 (lulium
951 4087 998 4150 est,
1013 4081 1079 4150 quia
1093 4081 1223 4135 mulieres
1237 4099 1308 4135 uxor
1320 4086 1391 4135 recte

197 4181 303 4235 trudito
322 4180 377 4234 siut
395 4179 539 4246 meumque
557 4195 611 4233 uuo
630 4177 783 4233 incolevit
800 4179 922 4247 positum
940 4177 984 4231 sit.
1021 4177 1190 4232 desideratur
1207 4179 1314 4232 cubum
1336 4193 1388 4246 quo

198 4276 345 4330 exitiosam
363 4276 463 4330 curlus
480 4276 647 4329 inlustretur.
684 4292 766 4344 neque
784 4274 870 4328 culeo
889 4275 990 4342 inferre
1008 4275 1118 4329 celavit.
1155 4293 1188 4328 ao
1206 4275 1270 4328 sitio
1289 4291 1388 4341 aquam

198 4372 273 4427 codd.
297 4373 445 4427 exitiosam
462 4372 525 4427 All.
591 4374 641 4426 102
665 4372 704 4426 sic
722 4371 839 4426 Botulus
853 4366 889 4424 'ea
908 4371 927 4424 r‘.
947 4387 967 4424 e.
988 4375 1063 4425 nota.
1101 4372 1139 4424 mi
1158 4370 1271 4424 editores
1290 4387 1390 4440 pueros

197 4468 270 4523 forte
287 4471 382 4539 pariat
396 4469 557 4524 thscluelius
570 4467 666 4537 Opusc.
678 4469 716 4522 II
730 4485 757 4537 p.
772 4471 833 4522 730.
886 4471 935 4522 103
954 4467 1089 4522 bocchum
1107 4467 1163 4521 eud.
1183 4467 1333 4520 brocchum
1346 4483 1388 4534 uo.

198 4565 247 4632 cfr.
267 4566 371 4621 Loeruii
390 4566 486 4620 Prodr.
504 4582 531 4634 p.
551 4569 614 4632 328,
633 4567 693 4618 391.

299 4662 397 4732 Syrum
426 4663 539 4745 alterum
568 4662 677 4716 titulum
706 4656 876 4716 'Cistellariae
901 4677 955 4716 esse
978 4661 1155 4730 Luleuiqlus
1185 4659 1288 4715 ceusur't
1315 4661 1387 4714 Mus.
